3006 4736
626 331 905 390 -4-

224 519 372 580 mutilum
394 516 550 597 adhibuit,
575 521 667 581 cuius
689 517 797 580 folium
820 520 959 598 primum
983 537 1001 578 e
1023 527 1134 580 uetere
1157 537 1305 600 compage

225 605 362 667 solutum
384 604 417 666 in
439 606 551 685 pagina
574 614 659 667 recta
680 605 757 666 haec
779 603 877 666 uerba
900 604 931 683 5,
958 603 1135 684 hproht'bet
1159 649 1166 664 .
1195 651 1202 664 .
1230 652 1237 665 .
1265 605 1303 665 43

222 692 327 772 primo
350 691 423 773 lopo,
448 692 482 752 in
504 691 620 772 pagina
642 710 736 753 uorsa
757 691 834 752 haec
855 691 949 751 moris
972 697 1068 751 runt.
1089 736 1096 751 .
1118 737 1125 750 .
1150 691 1306 753 icuctcru*

226 785 275 839 tus
297 787 329 839 et
350 785 515 857 praeterea
537 778 621 840 tituli
644 778 681 838 do
702 778 823 838 Latinis
853 774 1014 837 rubricam
1036 777 1228 858 initiumque
1250 796 1306 839 us-

225 882 288 943 que
310 862 351 925 ad
370 866 405 942 h,
431 863 449 923 3
481 866 640 945 coufirmat
667 861 951 944 complectebatur:
983 860 1082 942 idque
1108 861 1217 924 folium
1246 864 1305 925 iste

226 953 353 1012 inuersa
375 947 485 1012 ordine
508 953 551 1012 ita
574 949 761 1030 descripsit,
793 958 830 1010 ut
859 966 985 1010 uersam
1014 949 1159 1029 paginam
1190 948 1307 1011 faceret

225 1046 353 1098 rectam.
400 1045 507 1116 postea
536 1037 638 1098 titulis
667 1036 792 1096 numeri
822 1032 922 1096 additi
951 1043 1041 1112 sunt,
1075 1044 1111 1096 ut
1139 1036 1249 1098 titulus
1271 1036 1307 1098 de

226 1122 341 1184 toartis
363 1124 486 1202 primus
509 1123 617 1200 fieret,
644 1130 768 1184 etanta
791 1121 886 1182 huius
907 1120 992 1181 tituli
1016 1119 1176 1182 rubricam
1198 1121 1240 1183 ad
1261 1124 1307 1183 si·-

225 1208 438 1270 militudinem
468 1210 547 1288 legis
570 1209 725 1270 Romanae
754 1207 918 1269 titulorum
945 1205 1042 1268 index
1063 1208 1223 1287 praefixus
1245 1217 1303 1286 est,

224 1294 325 1357 uerba
347 1305 453 1357 autem
475 1313 574 1356 moros
599 1341 606 1354 .
628 1340 635 1354 .
657 1340 663 1354 .
689 1295 895 1369 inveteratus,
928 1292 1047 1373 quippe
1077 1311 1158 1372 quae
1187 1292 1228 1355 ad
1256 1298 1307 1355 in-

225 1383 430 1462 scriptionem
453 1381 615 1460 Epitomae
637 1381 800 1460 pertinere
822 1377 1023 1457 uiderentur,
1049 1379 1082 1439 in
1106 1379 1208 1441 fronte
1231 1399 1308 1461 ope-

226 1475 271 1534 ris
299 1479 421 1532 retenta
451 1475 535 1529 sunt.
587 1469 620 1527 in
651 1485 687 1528 eo
713 1475 837 1527 tantum
866 1484 884 1527 a
911 1465 1092 1527 Mommseni
1128 1468 1306 1529 coniectura

226 1555 358 1634 recedo,
390 1554 475 1636 quod
502 1553 529 1614 is
560 1552 680 1615 hiatum
709 1554 764 1632 qui
792 1554 876 1613 inter
907 1553 938 1627 4,
966 1553 984 1611 9
1015 1559 1046 1612 et
1071 1552 1108 1611 40
1140 1552 1307 1615 intercedit

226 1645 392 1705 minimum
415 1660 485 1702 esse
508 1647 624 1719 putans
646 1639 686 1699 ad
705 1639 840 1699 alterum
856 1639 1017 1717 Epitomae
1033 1636 1141 1699 folium
1157 1640 1191 1699 in
1207 1639 1307 1701 fronte

227 1729 378 1791 detritum
401 1727 509 1804 trahit,
535 1726 612 1786 mihi
636 1724 701 1786 folii
724 1725 820 1804 primi
842 1743 917 1804 pars
936 1723 1067 1785 inferior
1083 1725 1193 1786 mutila
1210 1724 1307 1787 fuisse

226 1813 370 1891 uidetur,
396 1822 516 1876 uttam
540 1812 623 1873 inter
647 1814 680 1889 t,
708 1813 727 1871 9
751 1820 782 1872 et
807 1811 839 1885 4,
869 1810 905 1870 40
931 1828 1024 1890 quam
1047 1820 1121 1871 ante
1144 1831 1176 1890 p.
1202 1811 1239 1891 h,
1268 1813 1305 1871 rt

224 1902 315 1981 plura
339 1898 569 1962 interciderint.

312 1987 347 2047 ln
376 1983 501 2049 edendo
526 1983 649 2063 leiani
682 1982 861 2062 regularum
891 1981 972 2043 libro
1002 1981 1147 2044 rubricas
1177 1993 1308 2063 propter

225 2072 384 2154 allegandi
406 2090 498 2133 usum
522 2071 654 2147 retinui,
688 2067 744 2129 sed
774 2077 810 2130 ut
831 2079 1000 2149 appareret
1023 2087 1076 2129 eas
1097 2070 1222 2149 leiani
1244 2089 1306 2130 non

227 2179 315 2237 esse,
350 2159 474 2220 uncinis
496 2156 660 2237 quadratis
682 2157 796 2235 saepsi.
846 2154 983 2217 indicem
1006 2155 1170 2216 titulorum
1194 2154 1308 2217 codicis

226 2246 378 2324 Vaticani,
404 2247 459 2324 qui
481 2243 559 2306 adeo
582 2262 652 2304 oum
672 2243 833 2320 Epitomae
856 2243 958 2322 ipsius
979 2240 1117 2304 rubricis
1139 2243 1305 2320 consentit,

226 2342 261 2394 ut
284 2351 357 2394 eum
379 2332 419 2392 ad
441 2331 618 2411 proximum
641 2328 737 2389 huius
759 2326 876 2389 codicis
894 2329 1086 2410 archetypon
1102 2330 1308 2408 compositum

226 2436 295 2480 esse
313 2418 486 2481 uerisimile
501 2417 551 2494 sit,
578 2433 640 2475 non
657 2413 774 2493 recepi.
814 2415 847 2475 in
864 2423 1044 2476 contextum
1060 2415 1240 2494 regularum
1256 2433 1309 2475 eos

226 2523 353 2585 quoque
375 2505 467 2581 locos,
495 2521 574 2581 quos
596 2499 637 2561 ab
652 2501 794 2580 Epitoma
817 2501 947 2561 omissos
970 2500 1097 2561 Collatio
1115 2500 1168 2561 uel
1183 2502 1309 2581 Digesta

226 2596 410 2667 seruarunt,
443 2588 578 2650 stellulis
607 2586 758 2666 adpositis
780 2587 915 2647 restitui.
962 2586 1128 2665 Epitomen
1150 2585 1191 2647 ad
1214 2584 1307 2648 fidem

227 2675 399 2756 apographi
417 2675 589 2735 Brunniani
612 2669 682 2753 (pt
704 2680 768 2732 not.
784 2670 814 2752 2)
836 2671 940 2732 edidi:
959 2672 1125 2732 nonnullos
1140 2682 1246 2733 tamen
1263 2673 1309 2733 lo-

226 2780 279 2822 cos
294 2761 487 2822 difficiliores
502 2762 570 2838 ipse
583 2760 696 2820 Romae
707 2776 737 2818 a.
750 2758 831 2816 4868
845 2758 877 2817 in
889 2756 1077 2818 bibliotheca
1091 2759 1237 2820 Vaticana
1252 2778 1310 2819 ex-

227 2847 377 2908 aminaui.
417 2848 451 2907 in
474 2848 556 2907 notis
577 2845 683 2907 uarias
699 2841 816 2903 codicis
830 2844 971 2904 Vaticani
991 2843 1044 2924 (=
1060 2844 1096 2925 C)
1112 2844 1131 2925 ¹)
1158 2845 1310 2906 lectiones

228 2951 336 2993 omnes
357 2941 487 3012 praeter
509 2930 763 3010 orthographicas
785 2928 936 3006 indicaui,
963 2928 1124 2992 interdum
1147 2949 1188 2991 ne
1210 2933 1223 2991 t'
1244 2940 1310 2992 ete

228 3017 357 3097 quidem
379 3017 553 3078 litterarum
577 3016 848 3077 commutationem
872 3018 1047 3095 praeterire
1070 3017 1167 3098 uolui,
1192 3015 1309 3079 ubido

227 3123 303 3166 uera
325 3104 458 3165 lectione
481 3101 622 3165 dubitari
645 3119 735 3180 posse
756 3100 935 3163 uideretur.

226 3261 240 3272 Ι·
245 3256 568 3273 ΛΛᾺΙἏΛΛΧΧΛΛΝΧΛΛΛΛΛΛΝ
572 3257 1081 3275 »ΛΛΛΛΛΛΛΛΙΧΙΝΛΛΑΛΛΛΛΛΛΛᾼΛἉΜΛΛΛΛΛΜ

297 3343 314 3407 1)
336 3346 366 3395 ln
385 3342 600 3395 correctionibus
619 3343 723 3394 codicis
739 3343 773 3405 0,
792 3344 840 3394 ubi
858 3343 916 3394 fieri
929 3345 1030 3408 potuit,
1051 3344 1196 3404 adnotaui,
1215 3347 1307 3399 utrum

227 3414 279 3478 ipsi
296 3413 408 3464 librario
426 3427 461 3464 au
478 3413 553 3464 alteri
573 3413 665 3463 manui
684 3412 826 3476 quaesere
845 3412 966 3477 aequalis
985 3416 1025 3464 est
1042 3412 1205 3463 debeantur:
1239 3426 1309 3463 non-

226 3482 301 3532 nulla
314 3496 329 3533 a
342 3495 425 3532 manu
438 3496 508 3533 saec.
523 3481 583 3531 XVI
597 3481 733 3546 adscripta
746 3495 805 3532 esse
818 3495 867 3532 suo
881 3481 941 3533 loco
955 3482 1185 3532 commemorabo.

665 3742 869 3751 ψ
