3010 4738
565 458 651 472 ...-
699 427 756 490 433
799 458 885 472 --
1037 428 1111 479 Paul.
1126 429 1158 490 V,
1174 432 1215 479 44.
1231 430 1263 478 to

185 632 285 694 penes
299 633 333 677 se
349 614 490 695 deposita
505 616 698 696 quicumque
719 616 811 677 alteri
826 617 923 677 altero
938 614 1069 678 ahsente
1086 616 1265 680 reddiderit

185 701 238 764 uel
261 700 444 763 aduersario
464 700 658 781 prodiderit,
683 720 909 782 propersonae
926 703 994 764 eius
1015 702 1195 765 condicione
1211 713 1265 765 aut

129 790 161 849 44
187 789 220 849 in
242 787 402 849 metallum
425 786 592 851 damnatur
613 788 719 850 autin
741 788 876 850 insulam
897 787 1067 868 relegatur.
1121 790 1181 862 Qui
1201 789 1263 851 sihi

186 875 300 937 falsum
325 892 440 935 nomen
461 875 662 953 imposuerit,
693 892 793 954 genus
814 883 1004 954 parentesue
1030 875 1173 953 finxerit,
1203 895 1264 957 quo

186 960 267 1043 quid
276 961 414 1035 alienum
428 959 631 1040 interciperet
646 970 771 1040 caperet
786 959 970 1040 possideret,
990 978 1089 1039 poena
1100 961 1179 1040 legis
1190 962 1265 1023 Gor·
1283 973 1299 1018 4

129 1048 167 1108 li
185 1047 290 1110 neliae
313 1045 353 1108 de
381 1044 467 1107 falsis
489 1055 660 1108 coercetur.
713 1047 774 1119 Qui
802 1044 980 1126 insignibus
1002 1047 1120 1108 altioris
1146 1046 1265 1109 ordinis

185 1142 319 1197 utuntur
353 1132 560 1212 militiamque
594 1133 792 1213 confingunt,
831 1150 895 1211 quo
920 1150 1015 1213 quem
1040 1142 1181 1194 terreant
1212 1133 1266 1194 uel

186 1219 380 1295 concutiant,
406 1218 588 1280 humiliores
604 1219 704 1300 eapite
720 1219 913 1298 puniuntur,
939 1219 1132 1281 honestiores
1148 1219 1266 1299 depor-

128 1306 166 1366 la
186 1315 303 1368 tantur.
351 1304 384 1365 Si
401 1305 455 1384 qui
472 1303 512 1365 de
529 1302 642 1367 iudicis
657 1304 804 1369 amicitiis
818 1305 871 1366 uel
886 1304 1093 1369 familiaritate
1110 1307 1267 1367 mentien-

186 1403 234 1454 tes
257 1400 392 1454 euentus
406 1390 634 1453 sententiarum
656 1392 724 1453 eius
745 1390 905 1470 uendunt,
925 1390 1045 1471 quidue
1061 1389 1194 1453 obtentu
1209 1409 1267 1451 no·
1286 1401 1317 1446 4ο

185 1479 280 1539 minis
296 1477 364 1540 eius
380 1486 487 1556 agunt,
507 1477 642 1539 conuicti
653 1496 709 1557 pro
725 1475 815 1538 modo
831 1475 938 1539 delicti
954 1486 1008 1540 aut
1020 1477 1199 1558 relegantur
1214 1485 1267 1540 aut

185 1565 287 1645 eapite
302 1564 487 1644 puniuntur.

300 1754 377 1833 [xxvi
421 1771 460 1813 sn
481 1770 577 1813 sacru
599 1769 699 1814 mrsu
722 1770 759 1812 ns
774 1770 803 1812 vr
819 1769 936 1813 rvsmca
960 1769 995 1812 sr
1017 1752 1152 1831 rarrsrs]

150 1873 162 1932 4
272 1875 352 1953 Lege
368 1873 446 1934 Iulia
466 1870 506 1933 de
522 1873 555 1933 ui
571 1871 698 1952 publica
722 1871 899 1949 damnatur,
926 1872 982 1951 qui
997 1872 1101 1952 aliqua
1115 1880 1269 1953 potestate

186 1957 350 2037 praeditus
364 1959 469 2019 ciuem
484 1958 658 2033 Romanum
673 1966 765 2018 antea
788 1957 829 2019 ad
844 1957 1011 2038 populum,
1030 1976 1117 2019 nunc
1131 1959 1269 2039 impera·
1288 1969 1318 2015 ts

186 2055 285 2105 torem
307 2044 518 2123 appellantem
541 2044 705 2104 necauerit
725 2045 874 2104 necariue
889 2043 1033 2122 iusserit,
1053 2045 1178 2105 torserit
1193 2063 1268 2106 uer-

187 2129 346 2192 berauerit
369 2128 629 2190 condemnauerit
650 2130 726 2190 inue
748 2127 875 2211 publica
891 2128 1018 2189 uincula
1039 2127 1112 2190 duci
1128 2130 1265 2192 iusserit.

187 2217 278 2278 cuius
301 2215 346 2277 rei
367 2233 469 2295 poena
485 2214 518 2274 in
538 2213 722 2276 humiliores
743 2215 855 2296 capitis
877 2215 910 2274 in
933 2214 1269 2278 honestiores.insulae

150 2301 169 2363 Ξ
188 2301 403 2382 deportatione
420 2308 591 2362 coercetur.
638 2300 702 2362 Hac
717 2301 786 2381 lege
803 2300 1015 2380 excipiuntur,
1034 2302 1090 2380 qui
1105 2309 1203 2362 artem
1219 2302 1270 2363 lu·

187 2386 307 2450 dieram
322 2386 452 2464 faciunt,
470 2385 601 2449 iudicati
619 2387 712 2448 etiam
729 2396 760 2448 et
775 2387 911 2449 confessi
928 2387 1021 2467 etqui
1034 2386 1104 2449 ideo
1117 2387 1150 2449 in
1162 2405 1269 2450 carce·
1288 2396 1331 2441 ²⁰·

188 2493 255 2536 rem
267 2472 339 2536 duci
353 2471 513 2550 iubentur,
529 2471 615 2553 quod
623 2473 673 2534 ius
681 2472 800 2536 dicenti
809 2490 872 2535 non
879 2471 1167 2553 obtemperaueriut
1174 2472 1269 2552 quid-

188 2568 229 2621 u'e
235 2568 343 2623 contra
349 2558 546 2641 disciplinam
558 2557 716 2640 publicam
728 2556 877 2621 iecerint:
893 2556 1013 2623 tribuni
1025 2559 1120 2623 ctiam
1134 2559 1270 2621 militum

190 2656 221 2709 et
242 2643 394 2726 praelecti
416 2645 564 2708 classium
579 2645 758 2723 alarumue,
783 2653 819 2706 ut
834 2645 903 2708 sine
919 2644 1026 2725 aliquo
1044 2643 1270 2724 impedimento

151 2733 168 2790 3
189 2733 269 2813 legis
283 2732 381 2795 Iuliae
399 2750 458 2812 per
472 2750 525 2793 eos
547 2732 681 2793 militare
703 2730 854 2795 delictum
876 2731 1013 2792 coerceri
1033 2730 1143 2811 possit.
1189 2733 1270 2810 Lege

188 2819 267 2882 Iulia
286 2818 326 2881 de
344 2818 377 2878 ui
400 2818 522 2898 priuata
537 2825 673 2896 tenetur,
693 2818 749 2897 qui
759 2835 854 2897 quem
865 2818 993 2878 armatis
1005 2815 1186 2881 hominihus
1196 2835 1271 2898 pos-
1289 2825 1320 2872 44

188 2905 330 2969 sessione
353 2902 444 2968 domo
459 2903 535 2965 uilla
550 2920 664 2983 agroue
687 2901 838 2966 deiecerit
860 2903 1088 2984 expugnauerit
1109 2901 1272 2965 obsederit

188 2991 332 3069 cluserit,
359 2989 434 3052 idue
449 2999 485 3053 ut
499 2989 589 3053 fieret
603 2989 747 3053 homines
768 2987 1012 3051 commodauerit
1026 2988 1178 3067 locauerit
1192 3008 1271 3051 con-

188 3076 334 3141 duxerit:
359 3077 457 3157 quiue
473 3085 596 3141 coetum
612 3094 797 3141 concursum
812 3074 937 3137 turbam
953 3074 1140 3138 seditionem
1156 3077 1271 3138 incen-

188 3163 277 3227 dium
290 3162 410 3241 ieoerit,
426 3161 566 3227 funerari
577 3161 746 3243 sepeliriue
759 3162 898 3242 aliquem
909 3160 1117 3241 prohibuerit,
1133 3160 1271 3224 funusne

189 3250 345 3330 eripuerit
366 3248 560 3312 turbauerit:
585 3248 687 3328 etqui
711 3266 801 3326 eum,
821 3247 871 3309 cui
886 3266 969 3328 aqua
991 3257 1023 3310 et
1039 3248 1104 3329 igni
1119 3247 1271 3310 interdic·
1290 3256 1321 3302 44

189 3344 257 3398 tum
273 3345 340 3415 est,
365 3336 520 3416 receperit
534 3334 686 3397 celauerit
699 3335 857 3396 tenuerit:
881 3335 980 3414 quiue
994 3352 1066 3397 cum
1081 3333 1144 3395 telo
1159 3335 1192 3394 in
1208 3352 1269 3413 pu·

189 3419 272 3483 blico
294 3420 406 3499 fuerit,
434 3421 551 3501 templa
566 3429 671 3501 portas
696 3418 824 3482 aliudue
846 3417 924 3499 quid
950 3418 1113 3502 publicum
1143 3420 1272 3483 armatis

190 3505 350 3569 obsederit
376 3507 512 3568 cinxerit
538 3506 685 3568 clauserit
710 3506 922 3586 occupaucrit.
980 3504 1098 3587 quihus
1123 3503 1271 3569 omnihus

191 3662 237 3673 vva
244 3659 520 3674 vmmvvvvwvvvvvvv«
773 3655 1272 3675 ΝκΛΛΛΝνκΛΜΛΝννἋΛιΜΜΛΜΜ

261 3766 376 3828 44440444
393 3776 524 3827 personae
543 3762 670 3812 condicio
688 3765 728 3813 est
746 3761 805 3826 Diu.
855 3761 866 3826 ΙΙ
914 3760 1089 3826 orelegatur]
1117 3760 1275 3825 deportatur

193 3834 253 3898 Dia.
292 3833 304 3897 l
343 3835 432 3897 tquo
445 3831 511 3897 quid
524 3832 642 3882 alienum
655 3832 727 3891 dett,
742 3830 876 3896 quodqui
889 3831 1010 3883 alienum
1023 3831 1052 3889 L,
1067 3827 1195 3894 quodque
1209 3829 1275 3880 aliut

192 3904 223 3955 44
249 3902 260 3966 ΙΙ
291 3906 305 3952 4
324 3902 498 3967 interciperet
509 3903 619 3965 caperet
629 3899 783 3965 possideret
792 3901 865 3960 osu,
880 3901 1055 3965 interceperit
1067 3899 1169 3963 ceperit
1178 3911 1274 3963 posse·

193 3970 324 4022 deritlih
362 3970 374 4034 ΙΙ
411 3970 612 4030 inclinet!t
649 3968 661 4030 11
700 3971 731 4018 44
750 3970 1027 4028 necariuedett.,om.
1044 3968 1092 4017 nt
1128 3967 1140 4029 ss
1178 3970 1209 4016 48
1229 3980 1275 4018 ca-

192 4041 255 4105 pitis
271 4038 399 4097 celadus,
416 4041 504 4103 capite
516 4039 613 4089 codices
653 4037 664 4101 ΙΙ
706 4041 737 4087 tt
757 4036 906 4100 coercetur]
920 4037 979 4087 inl
993 4038 1125 4087 adduntur
1136 4037 1213 4086 hoec:
1226 4038 1273 4100 qui

194 4107 332 4159 hominem
350 4110 497 4172 ingenuum
514 4107 558 4158 uel
577 4108 637 4157 ciue
656 4119 800 4158 romanum
813 4108 870 4156 uim
884 4104 944 4155 ierit
955 4104 1133 4169 flagellauerit
1145 4105 1275 4155 humilio-

194 4189 238 4227 res
257 4179 344 4241 cepite
362 4178 513 4241 puniuntur
530 4175 698 4227 honestiores
716 4177 744 4225 in
762 4175 888 4231 insulam,
909 4173 942 4236 os.
963 4178 988 4235 4,
1007 4171 1088 4236 aoht
1139 4174 1151 4239 fl
1197 4178 1229 4224 44
1248 4177 1276 4226 et

197 4244 326 4305 Ceionius,
346 4259 395 4296 ora.
409 4246 507 4296 codices
546 4246 557 4309 ΙΙ
599 4248 626 4294 tl
649 4243 848 4310 obtemperauit
858 4243 957 4293 codices
