3010 4738
196 310 376 374 Degradtbus
576 343 663 356 -—
708 309 768 371 166
814 343 894 354 —-

483 564 709 629 TRACTATVS
731 567 783 628 DE
806 564 997 629 Gunnlnvs

328 711 432 766 Incerti
454 712 580 766 auctoris
602 714 740 766 tractatus
763 709 799 765 de
821 708 958 780 gradibus
980 711 1031 780 qui
1052 712 1185 780 sequitur
1206 711 1236 765 in

242 794 391 852 codicibus
418 796 539 852 Notitiae
568 796 737 867 dignitatum
764 798 916 867 utriusque
944 795 1058 865 imperii
1085 795 1153 851 huic
1182 798 1234 868 ipsi

243 882 366 937 Notitiae
380 883 557 952 praemissus
571 883 686 953 legitur.
718 884 829 950 primm
844 897 912 937 eum
926 881 1079 937 Eduardus
1094 882 1235 952 Boecking

243 984 260 1023 e
283 966 432 1025 codicibus
453 969 605 1024 Parisiensi
629 970 704 1024 9664
733 982 810 1023 saec.
830 967 880 1023 XV
902 975 931 1024 et
952 968 1115 1023 Monacensi
1134 971 1229 1027 49294

243 1070 321 1111 saec.
346 1054 410 1110 XVI
438 1053 527 1110 edidit
561 1046 681 1129 (leiani
707 1053 865 1123 fragmenta
887 1053 934 1110 ed.
959 1054 995 1109 IV
1018 1055 1128 1124 Lipsiae
1154 1058 1234 1112 tanc

244 1156 273 1212 p.
303 1144 378 1211 483,
412 1140 450 1195 44.
476 1141 587 1211 Corpus
609 1139 683 1195 luris
704 1139 823 1197 Romani
844 1137 1064 1197 Anteinstiniani
1086 1140 1236 1197 Bonnense

243 1227 302 1283 uol.
322 1227 376 1298 lp.
400 1219 484 1302 4744).
523 1227 586 1296 ipse
608 1225 665 1282 hoc
687 1241 762 1282 anno
777 1224 908 1282 Monacbi
930 1232 989 1281 tam
1009 1226 1088 1284 bunc
1107 1225 1236 1282 codicem

244 1328 330 1384 quam
345 1313 545 1369 Monacensem
562 1314 621 1369 794
638 1327 715 1367 saec.
730 1312 793 1367 XVI
807 1313 925 1368 contuli.
1263 1321 1266 1327 '

640 1514 677 1556 bn
700 1513 839 1557 nunninus

167 1617 177 1674 4
288 1614 412 1677 Gradus
432 1615 653 1693 cognationum
675 1616 877 1696 appellantur
894 1615 934 1676 ab
950 1634 1004 1693 eo,
1027 1615 1113 1696 quod
1127 1635 1281 1697 personae

202 1711 405 1783 cognatorum
425 1701 503 1762 aliae
524 1700 733 1780 proximiore,
764 1701 844 1762 aliae
870 1702 1011 1781 longiore
1034 1700 1134 1782 gradu
1156 1711 1283 1764 suntet

165 1787 242 1850 iob
265 1787 298 1849 id
320 1788 412 1868 quasi
434 1786 588 1867 gradatim
609 1787 708 1849 altera
723 1788 855 1848 alteram
870 1785 1039 1848 antecedit.
1074 1788 1192 1850 Omnes
1207 1807 1282 1869 per-¹

202 1892 297 1936 sonae
322 1882 523 1954 cognatorum
551 1882 605 1935 aut
632 1893 728 1955 supra
757 1882 964 1935 numerantur
989 1883 1042 1934 aut
1063 1873 1147 1935 infra
1168 1884 1222 1937 aut
1243 1893 1283 1936 ex

202 1970 385 2021 transuerso
400 1960 469 2021 siue
485 1978 502 2019 a
518 1960 629 2023 latere.
669 1978 766 2041 supra
788 1970 998 2021 numerantur
1011 1969 1176 2040 parentes,
1201 1960 1283 2023 infra
1301 1972 1315 2017 5

203 2045 307 2124 liberi,
328 2065 368 2106 ex
382 2055 565 2108 transuerso
580 2047 648 2108 siue
662 2065 681 2107 a
696 2046 795 2108 latere
812 2044 924 2107 fratres
940 2055 971 2106 et
986 2064 1108 2108 sorores
1123 2045 1282 2126 liberique

203 2151 328 2210 eorum,
354 2133 430 2193 item
451 2132 632 2213 parentium
654 2130 766 2193 fratres
790 2141 822 2194 et
844 2151 965 2194 sorores
987 2131 1144 2212 liberique
1162 2151 1279 2195 eorum.

123 2219 140 2278 3
167 2219 183 2278 4
205 2219 307 2279 Primo
327 2216 428 2298 gradu
449 2236 545 2299 supra
567 2227 659 2299 pater
675 2228 707 2279 et
722 2227 840 2297 mater,
866 2217 948 2279 inira
964 2217 1048 2279 tilius
1063 2228 1093 2279 et
1109 2219 1184 2279 filia.
1225 2219 1284 2279 Se·

204 2304 308 2366 cundo
330 2322 426 2385 supra
447 2322 527 2365 auus
549 2305 637 2382 auia,
666 2301 747 2365 infra
772 2322 870 2383 nepos
892 2305 1015 2383 neptis,
1041 2323 1081 2366 ex
1102 2313 1284 2366 transuerso

166 2391 185 2450 5
204 2390 303 2453 frater
318 2399 349 2453 et
364 2409 467 2452 soror:
487 2391 560 2451 binc
575 2392 660 2452 enim
675 2399 880 2451 transuersus
895 2391 1006 2471 incipit
1022 2390 1150 2469 gradus.
1181 2392 1284 2453 Tertio
1304 2402 1335 2446 44

204 2496 301 2558 supra
315 2495 454 2557 proauus
469 2477 614 2557 proauia,
640 2475 722 2538 inira
742 2494 898 2557 pronepos
919 2478 1099 2557 proneptis:
1125 2496 1167 2538 ex
1179 2488 1285 2540 trans·

204 2583 296 2626 uerso
319 2562 426 2625 fratris
446 2572 477 2625 et
498 2562 612 2623 sororis
633 2562 716 2623 tilius
736 2570 768 2623 et
789 2561 869 2641 filia,
893 2571 1025 2643 patruus
1046 2563 1158 2641 amita,
1184 2562 1217 2624 id
1237 2573 1284 2625 est

204 2651 305 2731 patris
320 2649 419 2711 irater
433 2658 465 2711 et
480 2667 576 2725 soror,
596 2647 773 2709 auunculus
788 2655 962 2727 matertera,
984 2647 1018 2709 id
1033 2657 1081 2710 est
1097 2650 1206 2710 matris
1221 2647 1287 2709 ira-

168 2738 186 2795 6
204 2746 254 2798 444
268 2745 300 2798 44
315 2754 412 2798 soror.
438 2736 553 2807 Quarto
574 2752 668 2813 supra
684 2733 805 2796 abacos
820 2733 950 2812 abania,
977 2733 1059 2796 infra
1073 2734 1213 2816 abnepos
1228 2733 1286 2796 ab·

205 2822 327 2902 neptis:
353 2841 393 2882 ex
414 2830 595 2883 transuerso
614 2819 720 2882 fratris
743 2830 774 2882 et
789 2821 904 2882 sororis
920 2839 1018 2900 nepos
1034 2830 1065 2882 et
1080 2822 1203 2903 neptis:
1228 2840 1286 2900 pa·
1305 2831 1335 2877 44

204 2916 297 2969 truus
319 2926 450 2987 magnus
473 2916 504 2968 et
526 2909 620 2968 amita
645 2924 772 2986 magna,
806 2904 839 2968 id
860 2917 908 2968 est
927 2908 979 2968 aui
1003 2905 1100 2968 irater
1122 2917 1154 2968 et
1179 2925 1282 2968 soror:

206 2993 385 3055 auunculus
408 3012 541 3072 magnus
562 3001 730 3054 matertera
753 3011 881 3072 magna,
908 2991 941 3054 id
963 3002 1011 3055 est
1031 2995 1121 3055 auiae
1140 2992 1240 3054 irater
1255 3002 1287 3053 et

207 3097 311 3142 soror:
336 3077 544 3140 consobrinus
566 3076 767 3155 consobrina,
794 3077 827 3139 id
851 3079 969 3158 estqui
985 3078 1287 3159 quaeueexlratri-

206 3166 268 3228 bus
283 3172 337 3226 aut
351 3161 512 3227 sororibus
528 3172 582 3225 aut
597 3162 692 3225 fratre
709 3173 740 3226 et
755 3183 861 3226 sorore
875 3173 1138 3244 progenerantur.
1183 3165 1287 3226 scien-

207 3251 284 3314 dum
299 3260 405 3312 tamen
420 3250 549 3330 proprie
565 3249 767 3312 consobrinos
782 3248 935 3331 appellari
950 3269 1014 3329 eos,
1035 3250 1091 3330 qui
1107 3270 1148 3312 ex
1163 3250 1286 3312 duabus
1305 3258 1336 3304 94

207 3337 368 3401 sororibus
388 3337 454 3397 nati
475 3345 565 3413 sunt,
590 3338 680 3415 quasi
703 3336 935 3414 consororinos,
962 3354 1014 3396 eos
1029 3345 1152 3415 autem,
1176 3339 1285 3417 quiex

207 3423 332 3488 duobus
348 3419 500 3483 iratribus
514 3424 670 3502 procreati
686 3433 770 3503 sunt,
788 3421 901 3484 fratres
912 3422 1075 3504 patrueles
1089 3425 1212 3502 uocari,
1234 3441 1287 3485 eos

207 3530 302 3589 uero,
327 3510 382 3590 qui
404 3528 444 3570 ex
464 3507 562 3569 fratre
585 3517 616 3569 et
631 3526 737 3570 sorore
754 3518 940 3587 nascuntur,
964 3509 1108 3571 amitinos
1124 3508 1198 3571 dici.
1230 3510 1287 3570 boc

210 3716 259 3731 AM<

278 3855 453 3918 iparentum
466 3853 567 3902 4444444.
584 3852 662 3899 49994
695 3850 707 3914 il
738 3854 768 3899 49
787 3851 1032 3916 patrunsetamita
1044 3851 1129 3903 Poris.
1164 3850 1176 3913 ΙΙ
1213 3854 1242 3898 49
1263 3852 1290 3900 44

209 3937 258 3973 om.
274 3923 376 3973 4444444.
390 3924 468 3970 49994
497 3922 508 3985 ΙΙ
532 3920 672 3969 matertera
686 3931 784 3983 magna
796 3919 823 3969 id
837 3924 877 3970 esi
889 3920 987 3969 codices
1015 3918 1026 3981 ΙΙ
1057 3922 1087 3967 47
1101 3918 1290 3970 abauunculus

209 3993 306 4041 codices
346 3990 357 4054 ss
399 3994 430 4039 49
449 3989 727 4055 generanturldor'toc.
741 3989 789 4037 ret
831 3986 843 4050 ΙΙ
885 3991 916 4036 99
934 3986 1064 4038 4444444444
1078 3989 1213 4052 procreati
1226 3991 1290 4038 sunt

211 4061 312 4111 Monac.
333 4062 398 4120 794,
428 4059 564 4125 procreati
587 4055 716 4108 iratribus
739 4059 803 4107 sunt
826 4058 928 4117 Porta,
961 4056 1089 4107 iratribus
1112 4059 1291 4121 procreantur

210 4130 312 4179 Monac.
329 4132 407 4179 49994
440 4128 452 4192 ΙΙ
480 4126 576 4178 iratres
588 4130 614 4178 et
626 4130 694 4192 patr.
710 4127 808 4176 codices
836 4126 847 4189 ΙΙ
876 4130 908 4175 99
929 4129 1076 4176 nascantur
1090 4127 1187 4175 codices
