3010 4738
612 379 932 440 -117—
1005 366 1009 375 ²
1120 380 1309 444 neutuna

230 568 345 646 debet,
378 576 409 630 et
438 568 488 628 his
515 565 657 645 uicibus,
691 560 808 646 quibus
837 568 1009 647 asingulis
1031 567 1104 631 duci
1133 559 1308 650 consueuit,

231 655 354 718 ducenti
369 653 418 716 uis
433 654 500 714 fieri
516 652 721 734 prohibetur:
746 651 880 737 alienam
896 664 1000 715 autem
1016 672 1128 735 aquam
1144 659 1311 738 usurpanti

231 741 410 804 nummaria
422 758 524 820 poena
538 741 712 820 inrogatur.
758 740 848 800 cuius
863 740 909 800 rei
923 758 999 802 cura
1013 740 1053 802 ad
1069 741 1311 805 sollicitudinem

172 832 212 891 44
231 825 390 910 praesidis
410 833 542 907 spectat.
589 824 745 887 Redditur
764 824 925 887 interdicti
940 826 1037 905 actio,
1064 846 1146 907 quae
1160 831 1312 910 proponi-

231 925 286 976 tur
301 932 342 975 ex
356 932 410 990 eo,
434 920 471 974 ut
486 913 559 992 quis
581 911 667 992 quod
681 913 859 992 precarium
881 910 976 973 habet
991 913 1145 974 restituat.
1192 933 1265 976 nam
1281 925 1312 977 et
1331 929 1345 975 t

232 1000 336 1062 ciuilis
351 1000 431 1061 actio
446 999 542 1059 huius
557 998 605 1059 rei
627 999 710 1061 sicut
724 997 909 1059 commodati
930 999 1096 1079 competit:
1122 1018 1157 1060 eo
1172 1000 1225 1061 uel
1245 1020 1313 1063 ma-

232 1088 334 1165 xime,
361 1083 447 1166 quod
462 1103 503 1145 ex
517 1083 670 1145 beneficio
686 1102 743 1145 suc
757 1085 980 1164 unusquisque
996 1084 1145 1146 iniuriam
1160 1086 1227 1167 pati
1249 1105 1311 1148 non

173 1175 208 1234 tt
232 1171 341 1235 debet.
388 1172 529 1232 Precario
544 1169 707 1251 possidere
729 1169 860 1232 uidetur
875 1188 938 1231 non
954 1178 1076 1231 tantum
1099 1172 1154 1252 qui
1169 1190 1228 1252 per
1244 1174 1313 1252 epi-

232 1259 347 1321 stulam
368 1257 422 1319 uel
441 1254 584 1336 qualibet
598 1256 659 1317 alia
675 1256 794 1317 ratione
818 1257 875 1316 hoc
890 1254 951 1317 sibi
975 1256 1105 1319 concedi
1126 1257 1310 1337 postulauit,

232 1344 289 1406 sed
305 1354 338 1406 et
353 1344 379 1405 is
395 1344 451 1425 qui
471 1343 557 1404 nullo
572 1342 745 1404 uoluntatis
760 1340 892 1421 indicio,
910 1343 1051 1422 patiente
1066 1352 1172 1404 tamen
1187 1341 1313 1406 domino
1332 1358 1363 1402 to

173 1434 214 1496 ⁴2
231 1429 385 1512 possidet.
432 1431 529 1491 Heres
544 1430 629 1507 eius,
654 1429 709 1509 qui
731 1430 905 1509 precariam
927 1429 1155 1508 possessionem
1171 1429 1310 1509 tenebat,

232 1518 258 1578 si
275 1518 308 1578 in
325 1534 361 1578 ea
377 1517 538 1593 manserit,
559 1516 657 1595 magis
673 1513 843 1576 dicendum
856 1523 904 1576 est
919 1513 999 1575 clam
1013 1513 1119 1577 uideri
1129 1514 1309 1595 possidere:

233 1602 339 1664 nullae
361 1602 447 1684 enim
461 1619 574 1682 preces
589 1602 658 1662 eius
673 1594 824 1662 uidentur
844 1599 1017 1663 adhibitae.
1064 1610 1096 1663 et
1116 1600 1187 1663 ideo
1202 1619 1314 1682 perse-

173 1692 212 1752 43
232 1690 317 1751 cutio
332 1689 402 1750 eius
417 1689 464 1749 rei
480 1705 606 1768 semper
625 1686 766 1748 manebit
781 1706 842 1749 nec
857 1685 1025 1750 interdicto
1047 1687 1133 1749 locus
1148 1696 1207 1749 est.
1252 1685 1314 1748 hr-

231 1776 307 1855 bor,
326 1793 409 1855 quae
424 1774 457 1834 in
472 1773 591 1835 alienas
605 1772 701 1835 aedes
716 1775 861 1835 immInet
875 1773 927 1835 uel
942 1774 975 1835 in
991 1774 1088 1835 uicini
1104 1792 1233 1854 agrum,
1251 1775 1314 1835 nisi
1333 1788 1363 1834 tt

232 1860 400 1923 adomino
422 1859 580 1922 sublucari
601 1878 663 1920 non
689 1869 809 1939 potest,
835 1860 927 1939 isque
943 1859 1182 1922 conueniendus
1207 1868 1255 1921 est
1278 1868 1314 1922 ut

233 1967 304 2009 eam
327 1946 484 2009 sublucet.
532 1944 617 2026 quod
632 1946 660 2006 si
675 1954 852 2008 conuentus
867 1944 1013 2007 dominus
1035 1944 1070 2008 id
1084 1945 1186 2008 iacere
1201 1947 1314 2007 nolue-

233 2034 292 2112 rit,
311 2051 328 2094 a
349 2033 455 2094 uicino
475 2031 618 2092 luxuries
640 2049 797 2092 ramorum
820 2033 1047 2111 compescitur:
1072 2029 1170 2112 idque
1193 2032 1315 2112 qualis-

174 2120 213 2181 tt
233 2137 370 2198 cumque
386 2116 531 2179 dominus
547 2115 649 2178 iacere
665 2134 727 2177 non
743 2116 939 2197 prohibetur.
975 2115 1140 2179 Aduersus
1156 2136 1238 2196 eum,
1258 2119 1314 2198 qui

233 2207 392 2267 hominem
414 2202 551 2265 liberum
572 2203 715 2264 uinxerit
729 2204 942 2283 suppresserit
964 2203 1129 2264 incluserit
1142 2222 1313 2283 operamne
1333 2219 1364 2264 44

233 2301 270 2353 ut
287 2290 320 2353 id
335 2291 425 2351 lieret
440 2286 575 2367 dederit,
593 2296 656 2350 tam
670 2287 873 2349 interdictum
890 2307 986 2368 quam
1000 2289 1079 2368 legis
1090 2287 1203 2350 Fabiae
1218 2308 1316 2370 super

234 2396 271 2439 ea
287 2396 322 2445 re
338 2376 419 2439 actio
435 2373 597 2436 redditur:
623 2384 655 2437 34
676 2373 843 2436 interdicto
866 2370 995 2455 quidem
1010 2374 1042 2436 id
1067 2376 1181 2454 agitur,
1206 2384 1243 2436 ut
1258 2394 1315 2436 ex-

234 2462 385 2524 hibeatur
407 2463 434 2523 is
450 2461 505 2541 qui
522 2459 699 2540 detinetur,
717 2460 786 2540 lege
802 2469 909 2521 autem
924 2458 1033 2539 Fabia,
1052 2471 1088 2521 ot
1103 2461 1198 2522 etiam
1214 2479 1316 2540 poena

174 2548 215 2609 tt
233 2549 414 2611 nummaria
427 2555 622 2610 coerceatur.
667 2549 752 2608 Bene
767 2546 959 2609 concordans
973 2547 1206 2608 matrimonium
1222 2565 1315 2626 sepa-

234 2636 332 2698 33343
353 2643 442 2716 patre
465 2632 560 2694 diuus
576 2634 648 2695 Pius
669 2632 849 2714 prohibuit,
875 2634 1014 2713 itemque
1031 2654 1049 2696 a
1070 2641 1200 2713 patrono
1216 2631 1316 2693 liber·
1332 2646 1366 2693 44

210 2728 216 2741 “
235 2731 319 2798 tum,
337 2740 356 2782 3
371 2718 557 2801 parentibus
573 2718 672 2782 filium
687 2718 863 2799 filiamque:
882 2719 945 2782 nisi
961 2719 1039 2780 forte
1055 2727 1239 2799 quaeratur,
1258 2717 1315 2780 ubi

175 2805 215 2867 46
234 2808 347 2870 utilius
362 2807 476 2868 morari
492 2805 618 2868 debeat.
664 2803 820 2867 Omnibus
835 2803 942 2883 bonis,
961 2824 1042 2886 quae
1057 2804 1153 2866 habet
1169 2822 1315 2884 quaeque
1336 2868 1344 2886 Ι

235 2893 403 2956 habiturus
419 2901 476 2970 est,
496 2891 642 2972 obligatis
656 2910 716 2953 nec
732 2889 905 2952 concubina
921 2910 980 2952 nec
994 2890 1078 2952 filius
1092 2891 1246 2952 naturalis
1256 2909 1316 2953 nec

234 2981 383 3042 alumnus
404 2997 463 3040 nec
478 2997 559 3059 quae
583 2979 615 3040 in
639 2997 699 3040 usu
722 2976 876 3039 cotidiano
891 2977 988 3040 habet
1003 2976 1200 3058 obligantur:
1226 2975 1315 3038 ideo-

234 3085 297 3147 que
314 3064 354 3128 de
369 3066 419 3126 his
434 3084 492 3128 nec
507 3064 710 3126 interdictum
727 3062 881 3125 redditur.
1333 3077 1364 3123 ao

573 3236 624 3315 [vn
665 3254 704 3296 nn
728 3233 978 3317 onnrunrromnvs]

197 3356 210 3415 4
255 3394 257 3399 ·
321 3357 556 3437 Obligationum
576 3354 800 3417 firmandarum
822 3356 920 3435 gratia
936 3355 1152 3435 stipulationes
1168 3354 1316 3417 inductae

235 3452 327 3520 sunt,
353 3461 435 3522 quae
456 3441 591 3522 quadam
609 3441 782 3503 uerborum
804 3441 1013 3503 sollemnitate
1028 3443 1264 3523 concipiuntur,
1284 3448 1315 3502 34

235 3529 424 3610 appellatae,
442 3526 528 3606 quod
542 3546 602 3607 per
616 3546 670 3589 eas
684 3526 816 3601 firmitas
831 3527 1054 3607 obligationum
1070 3528 1311 3607 constringitur:

195 3615 217 3678 2
235 3615 389 3696 stipulum
404 3614 488 3674 enim
504 3622 631 3674 ueteres
645 3612 770 3673 firmum
785 3612 1039 3693 appellauerunt.
1068 3612 1242 3673 Verborum
1258 3611 1315 3672 oh·
1333 3624 1365 3670 et

234 3702 342 3783 ligatio
359 3702 444 3761 inter
453 3706 649 3779 praesentes,
668 3716 731 3759 non
743 3699 838 3759 etiam
850 3699 935 3760 inter
949 3697 1096 3761 absentes
1107 3698 1312 3760 contrahitur.

235 3831 1314 3865 JWVUWYMMMNVVVWWWNWMANWWWWVWVVWVWWthvvw

307 3926 317 3972 t
341 3925 367 3973 et
378 3924 451 3983 dett,
464 3935 513 3972 om.
529 3921 578 3972 tlt
606 3919 618 3984 1
648 3923 662 3970 4
681 3920 792 3972 ducenti
807 3919 937 3979 04433443,
957 3919 1070 3971 ducenti
1080 3922 1171 3970 autem
1182 3921 1280 3970 cedices

238 3992 496 4052 {aethelberti
525 3989 536 4054 11
567 3993 598 4039 46
616 3991 778 4055 4341334344,
793 3990 937 4054 isquilll
966 3988 977 4052 11
1008 3991 1039 4038 48
1059 3990 1281 4053 conpesceturll

238 4065 266 4109 44
288 4060 376 4111 434433
395 4074 477 4125 super
494 4074 525 4110 33
544 4073 573 4110 33
591 4060 662 4109 33443
682 4060 711 4110 Μ
718 4100 724 4121 ,
746 4058 835 4110 434433
852 4062 884 4109 ut
900 4070 983 4123 super
999 4070 1032 4107 ca
1049 4071 1079 4107 re
1096 4059 1234 4108 accusatio
1253 4058 1272 4108 t
1307 4056 1317 4124 11

236 4131 269 4179 aa
288 4132 319 4179 ut
333 4167 339 4179 .
355 4167 361 4180 .
378 4166 385 4180 .
398 4132 430 4179 44
444 4131 604 4179 coerceatur
617 4127 745 4189 03433433,
759 4131 805 4178 aut
819 4164 825 4178 .
842 4165 848 4177 .
865 4164 871 4177 .
887 4127 1048 4177 cohercetur
1059 4128 1156 4177 codices
1184 4126 1195 4190 11
1225 4131 1252 4177 et
1269 4126 1314 4195 de]

235 4197 272 4248 cle
282 4197 430 4248 uerborum
443 4198 576 4262 Scbuttinp
