3006 4736
517 1228 771 1313 PRAEFATIO
798 1228 1018 1322 tullonis*

261 1510 265 1521 ,
303 1439 389 1502 Pauli
413 1440 643 1513 sententiarum
659 1438 752 1519 hodie
775 1459 838 1503 non
855 1449 1027 1520 supersunt
1042 1441 1103 1501 nisi
1126 1439 1301 1519 fragmenta

218 1526 389 1589 ediuersis
410 1525 648 1587 collectionibus
663 1525 814 1605 petenda.
848 1535 943 1606 atque
965 1525 1206 1591 fundamentum
1229 1527 1302 1606 qui-

218 1614 289 1675 dem
306 1612 514 1683 restitutionis
537 1622 585 1673 est
601 1631 637 1673 ea
652 1612 811 1692 Epitome,
831 1631 911 1692 quae
929 1613 1019 1692 Legis
1034 1613 1189 1674 Romanae
1206 1613 1303 1675 Wisi-

218 1699 381 1779 gothorum
403 1708 526 1779 partem
551 1697 657 1759 efficit.
696 1698 775 1758 haec
789 1699 932 1778 Epitome
955 1699 988 1760 in
1004 1698 1196 1779 quibusdam
1212 1700 1303 1779 Legis

217 1787 373 1847 Romanae
392 1783 554 1846 codicibus
569 1784 730 1845 nonnullis
741 1786 907 1846 sententiis
919 1805 959 1846 ex
971 1786 1094 1865 integro
1109 1785 1195 1847 Pauli
1207 1804 1303 1865 opere

218 1872 414 1952 depromptis
441 1879 530 1933 aucta
559 1880 617 1931 est.
663 1869 821 1934 accedunt
843 1872 1003 1950 complura
1026 1872 1128 1951 capita
1154 1872 1187 1933 in
1210 1872 1303 1933 lusti-

218 1960 306 2019 niani
322 1958 449 2037 Digesta
465 1966 495 2018 et
519 1957 551 2017 in
568 1955 769 2017 collationem
787 1967 931 2037 recepta,
957 1958 1105 2036 pauciora
1120 1958 1153 2017 in
1170 1957 1303 2019 Consul-

217 2044 335 2104 tatione
359 2053 389 2103 et
411 2043 444 2102 in
459 2043 617 2103 Vaticanis
639 2040 824 2120 fragmentis
845 2051 876 2103 et
899 2043 931 2103 in
955 2042 1192 2122 appendicibus
1214 2045 1303 2122 Legis

219 2130 374 2189 Romanae
398 2128 640 2206 wisigothorum
669 2135 791 2197 extant,
816 2128 984 2189 nonnullae
1011 2127 1150 2209 denique
1173 2139 1304 2191 senten-

219 2215 281 2275 tiae
297 2215 331 2274 in
346 2215 428 2292 Lege
444 2214 580 2273 Romana
595 2211 853 2292 Burgundionum
868 2213 1016 2274 citantur.

306 2300 367 2359 Hos
390 2300 468 2361 iuris
490 2296 588 2359 libros
604 2298 659 2378 qui
679 2298 929 2377 compilauerunt
950 2299 1079 2360 Paulum
1102 2300 1190 2361 uario
1211 2299 1303 2361 modo

220 2394 446 2447 tractauerunt.
479 2384 660 2445 Collationis
676 2385 761 2444 enim
777 2394 807 2445 et
830 2385 1071 2447 Consultationis
1093 2395 1126 2447 et
1140 2385 1304 2447 Vaticano-

220 2492 292 2535 mm
313 2469 561 2551 fragmentorum
584 2478 616 2532 et
636 2468 858 2550 Appendicum
884 2469 1067 2533 auctoribus
1090 2471 1176 2532 Pauli
1203 2469 1304 2533 uerba

221 2568 343 2621 mutare
361 2560 394 2618 in
414 2557 518 2619 animo
533 2576 597 2618 non
612 2554 688 2618 fuit:
720 2555 899 2618 Collationis
918 2567 1024 2619 tamen
1048 2568 1224 2633 auctorem,
1247 2555 1304 2618 ubi

219 2646 328 2725 plures
345 2643 519 2707 sententias
534 2662 597 2704 uno
612 2644 714 2722 capite
732 2643 1004 2722 complecteretur,
1022 2663 1085 2705 non
1101 2642 1221 2722 ubique
1237 2643 1305 2722 pri-

221 2732 340 2793 stinum
367 2748 475 2793 earum
501 2728 646 2790 ordinem
672 2747 817 2790 seruasse
840 2748 881 2791 ex
907 2729 1002 2790 buius
1029 2730 1178 2791 editionis
1204 2729 1305 2790 titulis

222 2818 252 2895 5,
274 2818 312 2877 18
334 2816 385 2897 (π
402 2814 478 2876 Coll.
500 2815 550 2894 11,
569 2816 600 2877 3.
619 2816 650 2877 2.
670 2816 700 2874 l.
720 2815 748 2894 5)
776 2815 854 2893 015,
873 2816 913 2876 20
935 2813 1079 2895 (=Coll.
1101 2816 1151 2893 12,
1171 2817 1201 2874 1.
1220 2816 1251 2877 2.
1270 2814 1300 2896 31

221 2913 363 2984 apparet.
397 2911 504 2965 contra
520 2902 553 2963 in
568 2902 705 2981 Digestis
721 2901 807 2963 Pauli
822 2902 995 2965 sententias
1009 2921 1072 2965 non
1088 2903 1194 2963 minus
1210 2919 1304 2981 quam

221 2991 358 3069 reliquos
381 2988 479 3049 libros
500 2998 647 3051 ueterum
670 2989 739 3049 iure
756 2989 969 3051 consultorum
991 2988 1030 3050 ab
1051 2988 1233 3050 iustinianis
1254 2989 1305 3049 in·

221 3075 390 3157 terpolatos
409 3093 478 3136 esse
501 3084 746 3137 consentaneum
770 3084 828 3136 est.
861 3073 947 3154 quod
968 3074 1107 3155 denique
1129 3074 1170 3136 ad
1190 3076 1304 3154 Legem

221 3164 390 3225 Romanam
412 3160 525 3240 Wisig.
549 3162 679 3238 attinet,
709 3179 902 3240 quamquam
928 3161 1024 3223 huius
1050 3159 1306 3242 compilatoribus

220 3267 238 3308 a
255 3267 330 3330 rege
342 3247 466 3311 Alarico
482 3245 694 3327 interpolandi
705 3245 837 3309 facultas
852 3245 925 3308 data
940 3266 1002 3308 non
1020 3257 1077 3325 est,
1096 3246 1307 3326 nihilomagis

221 3344 326 3395 tamen
339 3352 446 3397 eorum
458 3333 492 3397 in
504 3332 669 3395 tradendis
680 3333 847 3395 sententiis
859 3332 937 3395 fides
949 3332 1146 3399 dubitatione
1159 3341 1305 3412 exempta

222 3429 280 3482 est.
313 3420 369 3499 qui
383 3427 607 3499 praeterquam
623 3417 709 3498 quod
730 3418 770 3481 ad
789 3419 887 3496 1,21,
910 3419 948 3478 10
965 3418 1110 3481 ordinem
1131 3419 1307 3480 sententia·
1397 3489 1399 3492 y

222 3525 293 3569 rum
316 3513 535 3584 mutauerunt‚
560 3513 742 3567 acontextu
764 3524 873 3568 earum
888 3523 1000 3567 manus
1015 3523 1078 3567 non
1100 3506 1193 3585 plane
1208 3503 1307 3564 absti-

221 3599 379 3657 nuerunt,
404 3589 460 3655 scd
483 3590 657 3653 mutilando
679 3591 788 3653 saltem
805 3609 858 3652 eos
879 3591 998 3671 aliquot
1019 3591 1192 3655 sententias
1207 3591 1307 3650 inter-

222 3677 298 3740 dum
321 3694 450 3757 pessum
473 3675 600 3738 dedisse
615 3675 656 3738 ad
674 3677 702 3754 1,
724 3677 751 3752 1,
772 3678 802 3737 2.
823 3677 852 3755 1,
873 3679 902 3755 1,
921 3678 952 3739 3.
973 3678 1001 3756 1,
1021 3678 1073 3754 at,
1094 3676 1123 3735 1.
1145 3677 1182 3735 11
1204 3675 1307 3756 palam

223 3761 309 3844 est.1)
330 3762 536 3843 quamobrem
552 3761 687 3824 dubium
703 3771 760 3841 est,
780 3773 888 3824 utrum
906 3765 934 3843 1,
955 3765 984 3840 9,
1004 3765 1035 3823 2.
1054 3764 1085 3838 3,
1105 3763 1135 3840 6,
1156 3760 1206 3838 ta,
1225 3779 1307 3841 quae

227 3918 275 3932 §m
279 3920 286 3930 κ
289 3920 333 3931 svxfl
338 3918 364 3929 rw
370 3918 382 3929 Λ
386 3918 430 3931 ΛΛΛ
433 3918 444 3927 s·
448 3919 462 3928 :x
466 3918 487 3929 ιν
490 3920 494 3927 ι
498 3915 767 3930 ΛΛΛΙωΛΛΛΛΛΛΑΛΛΛΛΛ
770 3915 1307 3930 ΝνκΛΛΛΛΛΛΛΙ-«ΛΛΛΛΛΛννκΝυυ-ΛΛΛΙΨΜΛΛΛ

293 3979 455 4067 1111001000
468 4001 581 4053 fortasse
595 4002 631 4052 ob
644 4016 754 4054 causam
768 4005 796 4055 in
811 4009 833 4064 t,
850 4008 874 4063 Ξ,
891 4006 901 4051 1
918 4001 1035 4052 uerbum
1048 4001 1155 4052 finitum
1166 4001 1308 4054 desidera-

223 4076 283 4205 burg
308 4075 404 4190 poptrp
417 4071 708 4191 pppparpopgmpotius
725 4074 851 4141 socordia
869 4070 1009 4123 mutilatae
1027 4071 1072 4121 uel
1088 4074 1234 4136 corruptae
1247 4074 1310 4122 sunt
