3010 4738
226 316 301 368 Paul.
315 317 361 378 lv,
377 320 417 367 44.
434 320 461 366 44
608 350 695 363 .-
740 317 800 379 104
844 348 930 362 ...-

225 505 344 568 *fertur
366 514 398 567 et
419 504 521 568 abiis
542 506 682 586 legitima
703 503 864 567 hereditas
885 503 1001 567 aditur.
1048 501 1182 584 perinde
1203 512 1324 566 autem·

226 592 354 653 *matris
376 593 526 654 certiores
554 592 610 653 lilii
627 592 723 669 fiunt,
749 610 812 652 non
826 592 938 652 nuntio
953 600 1098 671 accepto,
1124 588 1182 652 sed
1198 609 1254 671 pro
1270 590 1311 651 li-

189 680 206 738 4
226 677 341 759 *quido
357 687 526 758 comperto,
545 677 631 758 quod
647 680 792 740 intestata
807 675 990 739 decesserit.
1023 677 1120 738 Filius
1135 684 1308 737 maternam

225 762 452 826 *hereditatem
478 763 676 845 eandemque
702 764 875 844 legitimam
901 763 962 825 nisi
988 760 1134 825 adeundo
1153 780 1309 843 quaerere

225 851 307 912 *non
322 850 456 930 potest*
723 879 726 886 ν
910 894 912 898 -
1329 861 1343 908 s

621 1020 660 1102 [ru
703 1040 741 1082 na
763 1021 912 1103 onanmrs]

177 1143 208 1201 l³
311 1138 491 1225 *Erippuru
509 1142 727 1221 cognationum
743 1140 864 1203 directo
879 1140 979 1202 limite
995 1141 1029 1202 in
1045 1138 1124 1202 duas
1138 1141 1239 1203 lineas
1255 1159 1309 1203 se-

226 1227 413 1309 *parantur‚
432 1246 568 1307 quarum
583 1229 682 1289 altera
698 1229 852 1309 superior,
870 1227 970 1289 altera
985 1225 1132 1288 inferior:
1157 1246 1198 1288 ex
1212 1245 1310 1307 supe-

225 1314 325 1376 *riore
341 1324 448 1376 autem
469 1322 501 1376 et
522 1312 661 1375 secundo
684 1312 783 1394 gradu
809 1322 1008 1375 transuersae
1030 1313 1131 1374 lineae
1150 1312 1304 1394 pendent,

224 1400 323 1482 *quas
337 1419 446 1462 omnes
457 1400 568 1463 latiore
583 1409 717 1462 tractatu
729 1399 836 1461 habito
848 1401 881 1460 in
896 1397 1015 1461 librum
1027 1399 1219 1480 singularem
1234 1419 1309 1461 con·
1329 1412 1358 1456 lo

188 1488 200 1546 4
224 1484 435 1562 *texuimus*
479 1487 580 1546 PrImo
600 1485 701 1566 gradu
722 1487 877 1566 superiori
892 1486 975 1547 linea
997 1487 1199 1547 continentur
1219 1497 1309 1565 pater

225 1582 337 1651 mater,
361 1570 500 1633 inferiori
517 1571 600 1633 filius
616 1572 697 1633 lilia:
717 1570 834 1652 quibus
845 1571 951 1633 nullae
965 1572 1045 1632 aliae
1062 1590 1216 1653 personae
1236 1573 1309 1633 iun-

187 1658 206 1717 4
226 1666 353 1739 guntur.
379 1657 523 1719 Secundo
536 1657 635 1737 gradu
650 1659 852 1719 continentur
862 1658 1018 1737 superiori
1033 1657 1118 1720 linea
1129 1677 1209 1720 auus
1223 1660 1305 1736 auia,

226 1744 367 1805 interiori
383 1762 482 1824 nepos
496 1745 612 1824 neptis,
631 1755 814 1806 transuersa
829 1741 927 1805 irater
942 1762 1037 1805 soror.
1063 1762 1145 1823 quae
1156 1763 1308 1824 personae

227 1828 445 1910 duplicantur:
465 1847 544 1891 auus
560 1831 643 1890 enim
659 1840 691 1891 ct
705 1830 777 1891 auia
791 1839 854 1891 tam
871 1848 911 1890 ex
925 1838 1016 1910 patre
1027 1846 1122 1910 quam
1139 1849 1180 1891 ex
1195 1840 1304 1909 matre,
1329 1844 1359 1890 to

225 1934 324 1996 nepos
345 1915 451 1995 neptis
471 1924 535 1977 tam
559 1935 600 1977 ex
614 1916 677 1978 filio
693 1934 788 1996 quam
804 1935 845 1976 ex
859 1915 941 1994 lilia,
967 1915 1066 1978 irater
1087 1935 1174 1978 soror
1188 1926 1252 1978 tam
1269 1935 1309 1978 ex

225 2011 314 2082 patre
329 2020 424 2082 quam
440 2021 481 2063 ex
502 2010 602 2065 matre
618 2003 829 2082 accipiuntur.
876 2020 957 2083 quae
973 2021 1125 2082 personae
1145 2005 1308 2083 sequeuti-

226 2087 288 2149 bus
307 2106 433 2168 quoque
454 2087 607 2168 gradibus
629 2088 776 2150 similiter
796 2107 853 2170 pro
875 2087 1052 2150 substantia
1075 2106 1202 2168 earnm,
1226 2107 1308 2170 quae

187 2173 205 2233 3
228 2176 259 2234 in
276 2192 402 2255 quoque
418 2173 518 2255 gradu
534 2176 720 2254 consistunt,
739 2175 807 2255 ipso
822 2173 934 2236 ordine
950 2173 1162 2255 duplicantur.
1203 2176 1308 2236 Tertio

226 2259 327 2340 gradu
334 2262 471 2323 ueniunt
482 2280 577 2341 supra
588 2279 726 2342 proauus
740 2261 886 2340 proauia:
905 2259 986 2321 infra
997 2279 1153 2341 pronepos
1168 2279 1307 2341 pronep-
1326 2275 1358 2321 so

225 2348 282 2408 tis:
318 2366 358 2409 ex
378 2346 506 2426 obliquo
521 2347 627 2409 fratris
649 2349 830 2427 sororisque
845 2347 929 2408 filius
945 2346 1024 2425 filia,
1050 2356 1183 2426 patruus
1198 2348 1303 2423 amita,

226 2432 259 2494 id
275 2442 323 2494 est
337 2435 437 2513 patris
449 2432 545 2494 frater
560 2442 592 2495 et
607 2451 704 2512 soror,
723 2433 899 2495 auunculus
914 2440 1102 2511 matertera,
1121 2431 1218 2495 idest
1240 2451 1307 2495 ma·
1361 2459 1363 2463 ·

188 2519 205 2579 4
226 2521 284 2581 tris
300 2518 398 2582 frater
414 2528 445 2581 et
460 2538 560 2580 soror.
591 2520 709 2591 Quarto
725 2517 825 2599 gradu
841 2519 976 2580 ueniunt
991 2538 1089 2599 supra
1103 2518 1225 2580 abauus
1248 2518 1307 2582 ab·

225 2608 312 2667 auia:
332 2606 415 2667 infra
428 2605 568 2686 abnepos
581 2604 745 2685 abneptis:
766 2623 807 2667 ex
818 2603 945 2685 obliquo
957 2604 1064 2675 fratris
1076 2613 1107 2667 et
1119 2607 1235 2667 sororis
1247 2624 1307 2666 ne-

225 2711 281 2771 pos
296 2693 411 2772 neptiS,
430 2691 529 2753 frater
543 2692 697 2773 patruelis
708 2709 796 2752 soror
810 2691 974 2771 patruelis,
993 2689 1086 2753 idest
1100 2693 1206 2771 patrui
1223 2692 1306 2754 filius
1326 2705 1357 2752 25

225 2776 306 2856 filia,
333 2776 540 2840 consobrinus
556 2778 758 2857 consobrina,
784 2775 881 2839 idest
900 2777 1050 2839 auunculi
1066 2784 1098 2839 et
1120 2785 1306 2840 materterae

226 2862 308 2925 iilius
324 2863 404 2940 filia,
431 2865 581 2925 amitinus
595 2865 740 2941 amitina,
767 2861 801 2924 id
817 2870 864 2924 est
879 2864 993 2925 amitae
1009 2863 1094 2925 filius
1109 2863 1189 2925 filia:
1215 2864 1309 2925 item-

225 2966 288 3027 que
305 2947 494 3027 consobrini,
513 2952 568 3029 qui
585 2968 625 3010 ex
643 2946 769 3010 duabus
783 2948 945 3011 sororibus
959 2958 1143 3011 nascuntur.
1189 2948 1308 3030 quibus

225 3032 378 3094 adcrescit
398 3043 531 3115 patruus
553 3053 685 3115 magnus
706 3034 802 3095 amita
822 3052 951 3113 magna,
981 3033 1014 3096 id
1037 3045 1085 3097 est
1110 3037 1162 3098 aui
1184 3037 1309 3116 paterni

226 3117 325 3180 irater
339 3129 370 3181 et
385 3138 490 3180 soror:
516 3121 693 3183 auunculus
716 3138 848 3200 magnus
870 3129 1041 3184 matertera
1056 3140 1185 3202 magna,
1210 3120 1308 3184 idest
1327 3135 1358 3182 so

845 3255 1309 3272 wvxmmvmaswmmmmmm

294 3323 626 3387 romalppooaicm
668 3324 683 3389 44
722 3326 1069 3389 ll,t==nt9.aa‚to‚s
1109 3327 1121 3391 41
1162 3328 1308 3378 it=lecc

231 3393 470 3457 Wisigotharum,
486 3397 495 3442 4

224 3514 275 3529 ,ΑΛΛ-

292 3585 302 3631 4
326 3582 361 3633 ab
376 3620 382 3634 .
398 3620 404 3634 .
422 3618 429 3635 .
443 3585 457 3631 2
471 3581 576 3646 matris]
595 3583 658 3633 boec
674 3587 713 3635 sic
724 3585 845 3634 restitue:
864 3583 899 3634 ab
917 3583 951 3634 ils
968 3574 1106 3636 hereditas
1123 3584 1222 3635 aditur.
1251 3598 1306 3635 non

223 3654 286 3702 aute
298 3655 390 3703 autem
402 3654 498 3702 matris
511 3651 628 3714 legitima
640 3652 777 3703 hereditas
789 3653 859 3703 adiri
871 3653 960 3717 polest
972 3666 1054 3717 mam
1084 3653 1095 3717 ΙΙ
1126 3657 1156 3701 to
1170 3666 1239 3717 quas
1253 3689 1259 3702 .
1275 3689 1305 3703 ..

224 3724 414 3772 contexuimus
429 3722 607 3784 (conteximus
620 3721 651 3783 F)
667 3723 813 3772 addiderint
825 3721 961 3785 lastiniani
994 3721 1006 3785 ΙΙ
1043 3725 1073 3771 47
1093 3721 1171 3786 quae]
1186 3723 1306 3787 itemque

221 3803 274 3840 scr.
291 3791 420 3855 (itemque
431 3791 482 3840 hae
495 3790 620 3852 Huschke)
663 3789 675 3853 ΙΙ
717 3793 747 3839 48
767 3803 861 3840 earum
873 3803 943 3854 quae
956 3791 984 3840 in
997 3804 1106 3855 quoqne
1118 3792 1156 3851 M,
1170 3804 1265 3842 eorum
1279 3794 1308 3842 ln

222 3871 340 3922 quorum
358 3860 394 3919 4,
414 3871 562 3923 earumque
580 3859 608 3908 in
626 3860 741 3922 quood
759 3872 909 3924 eorumque
927 3860 956 3909 iu
974 3874 1084 3924 quoquo
1102 3863 1200 3910 codices
1218 3863 1308 3922 optimi

222 3928 401 3992 togisWisip.
432 3928 443 3992 ΙΙ
473 3932 501 3978 tl
519 3926 611 3991 amita]
626 3930 746 3978 etamita
758 3928 814 3978 Lex
825 3929 917 3992 Wiaip.
948 3929 959 3992 ll
990 3933 1022 3978 22
1034 3928 1188 3992 matertera]
1204 3932 1230 3980 et
1240 3932 1305 3980 mat.

222 3997 278 4045 leae
293 3996 385 4060 Wisip.
426 3998 438 4061 44
480 4000 511 4045 25
530 3995 680 4047 iratertex
698 3997 801 4060 Wisip„
816 4010 866 4048 cm.
882 3998 931 4048 ut
973 3997 984 4060 ΙΙ
1026 4001 1058 4046 td
1076 3998 1203 4057 filialis,
1217 3997 1307 4049 filiaue

221 4065 278 4113 Lea
293 4064 384 4128 Wisip.
411 4065 422 4128 14
446 4065 648 4118 consobrinus.
665 4103 671 4119 .
688 4104 694 4117 .
709 4070 740 4115 27
755 4064 810 4115 fllia
819 4071 879 4128 post
891 4070 922 4115 at
937 4067 1037 4117 amitae
1049 4065 1122 4117 tilius
1134 4066 1189 4117 filia
1201 4068 1308 4118 collocat

222 4132 348 4190 Hurctlce,
363 4133 396 4196 cs.
412 4131 438 4197 §§
451 4138 476 4182 5.
493 4138 507 4182 t
