3010 4738
572 311 893 372 —150—

236 519 303 559 cum
318 503 404 559 hodie
419 504 465 559 hic
481 504 572 559 codex
587 504 616 559 in
632 503 725 558 media
740 501 755 575 §
770 507 785 560 l
803 503 927 571 deficiat,
946 518 999 557 neo
1014 504 1113 573 sciam,
1133 508 1230 558 utrum

237 591 346 659 integer
362 590 398 644 sit
414 606 449 644 an
464 590 585 645 fortasse
601 589 666 646 lolia
682 589 818 646 nonnulla
834 590 927 644 excisa
945 591 1012 644 sint.
1052 589 1108 644 hoe
1129 590 1231 659 utique

237 682 348 731 constat
370 676 442 731 duas
465 682 494 730 et
508 674 611 731 Graeci
634 681 663 730 et
677 675 767 731 Latini
789 681 941 732 contextus
957 676 1138 730 recensiones
1154 676 1230 730 inter

236 778 267 817 se
291 762 420 817 diuersas
442 760 487 817 his
505 760 586 817 libris
600 761 685 817 nohis
700 761 818 816 traditas
833 776 907 828 esse,
934 776 1056 831 quarum
1072 762 1191 816 alteram
1210 763 1235 815 V

236 848 328 914 solus
356 849 474 903 alteram
496 847 517 903 S
538 848 561 902 P
579 848 714 904 Pithoeus
735 853 965 919 repraesentent,
997 853 1025 902 et
1047 847 1133 902 modo
1156 847 1230 903 hanc
1275 920 1279 925 ι
1337 900 1340 905 ,

236 933 322 990 modo
336 934 413 989 illam
429 952 444 989 a
461 933 634 1011 Dositheano
650 940 784 991 contextu
801 935 920 1005 propius
936 931 1051 989 abesse.
1094 949 1159 990 cum
1175 950 1230 989 au-

236 1026 294 1074 tem
317 1019 403 1075 huius
426 1020 576 1091 fragmenti
599 1020 702 1076 editori
724 1020 753 1074 id
776 1019 918 1089 agendum
935 1035 998 1074 esse
1013 1026 1091 1074 reete
1108 1019 1231 1075 demon-

238 1106 372 1161 strauerit
384 1106 502 1162 Carolus
514 1105 678 1162 Lachmann
687 1098 723 1180 ¹),
742 1112 774 1161 ut
788 1106 945 1175 genuinum
959 1106 1145 1161 iureconsulti
1156 1122 1230 1177 opus

236 1192 428 1262 redintegret,
462 1194 489 1247 in
519 1191 573 1247 hac
595 1192 720 1248 editione
743 1192 873 1247 Latinum
891 1197 1056 1247 contextum
1077 1192 1229 1261 pristinum

237 1294 291 1349 ope
314 1280 495 1349 potissimum
516 1279 667 1348 utriusque
684 1278 772 1333 Latini
797 1283 947 1333 contextus
970 1278 1020 1348 qui
1042 1278 1165 1333 traditur
1179 1294 1230 1332 re-

236 1379 377 1436 cuperare
391 1362 564 1420 studuimus.
603 1372 754 1434 praeterea
769 1363 874 1420 Graeci
888 1370 1040 1419 contextus
1054 1366 1230 1433 comparatio

237 1450 387 1505 nonnullas
410 1450 499 1505 Latini
530 1456 679 1506 contextus
707 1451 866 1507 locutiones
896 1465 1049 1520 peruersas
1079 1466 1114 1504 ex
1140 1465 1230 1520 praua

236 1536 337 1591 Graeci
360 1543 511 1591 contextus
533 1538 667 1592 uersione
690 1543 767 1593 ortas
790 1551 853 1591 esse
876 1536 989 1591 docuit:
1016 1537 1108 1592 rarius
1130 1535 1178 1592 hio
1194 1551 1230 1592 eo

237 1622 327 1690 duxit,
353 1628 386 1677 ut
407 1622 545 1678 leuiculas
560 1622 700 1692 quasdam
715 1623 803 1677 Latini
820 1628 970 1677 contextus
985 1623 1165 1692 corruptelas
1180 1638 1230 1677 re-

237 1706 412 1765 centioribus
428 1708 545 1763 demum
559 1707 683 1763 librariis
698 1707 798 1764 deberi
812 1708 1054 1778 intellegeremus.
1094 1708 1123 1764 in
1138 1724 1230 1778 appa-

237 1800 300 1848 ratu
323 1794 422 1849 critico
444 1795 645 1864 componendo
667 1795 799 1850 codicum
818 1797 881 1849 Vet
897 1794 918 1849 S
934 1794 1071 1849 lectiones
1088 1809 1123 1849 ex
1138 1795 1231 1851 Boeo-

236 1879 322 1949 kingii
338 1880 461 1936 editione
471 1874 491 1958 2)
514 1882 719 1953 repetiuimus;
738 1880 848 1935 Pithoei
867 1880 1020 1935 editionem
1035 1881 1089 1950 ipsi
1105 1881 1231 1936 contuli-

236 1981 317 2033 mus,
351 1967 373 2019 P
400 1965 532 2022 dedimus
554 1967 589 2022 ad
613 1966 810 2038 apographum
830 1967 887 2021 uiri
909 1965 1064 2023 doctissimi
1087 1967 1191 2022 Delisle
1214 1985 1230 2022 a

237 2051 395 2108 Boucherio
411 2052 520 2109 editum
528 2046 565 2129 ³).
605 2059 691 2123 atque
706 2052 815 2108 Pithoei
831 2052 948 2122 quidem
963 2051 1117 2108 editionem
1134 2054 1162 2107 in
1176 2053 1231 2108 ad·
1286 2063 1287 2067 ’

236 2141 381 2194 notatione
405 2140 502 2196 critica
524 2156 582 2196 non
598 2139 779 2195 laudauimus
797 2139 850 2193 nisi
865 2138 916 2194 ubi
932 2137 968 2194 ab
983 2139 1005 2193 S
1019 2138 1138 2194 recedit.
1179 2155 1232 2194 eo-

237 2224 333 2279 dicum
352 2224 417 2281 VSP
435 2232 530 2282 autem
553 2226 668 2296 plenam
687 2225 846 2295 scripturae
862 2223 1083 2294 discrepantiam
1098 2226 1231 2280 enotaui-

237 2303 346 2386 mus4).
382 2309 442 2383 in§
462 2317 471 2368 l
495 2327 561 2367 cum
576 2311 678 2366 tradita
692 2310 776 2366 lectio
791 2310 875 2365 nimis
890 2308 926 2364 ab
943 2327 976 2365 ea
993 2310 1124 2379 recedat,
1143 2327 1231 2382 quam

235 2399 388 2466 genuinam
410 2398 596 2453 iureconsulti
619 2397 706 2452 fuisse
730 2396 851 2451 diuinari
874 2397 967 2465 liceat,
994 2398 1097 2467 pagina
1114 2397 1232 2452 induas

237 2484 385 2538 columnas
407 2483 500 2539 diuisa
523 2484 620 2554 priore
642 2483 705 2539 loco
728 2481 861 2538 traditam
882 2482 1044 2551 lectionem,
1071 2484 1231 2554 posteriore

237 2575 401 2625 contextum
425 2585 441 2624 e
460 2571 575 2640 regione
594 2570 745 2642 posuimus
760 2571 798 2624 ita
814 2569 988 2637 restitutum,
1015 2575 1046 2624 ut
1062 2569 1122 2624 iere
1138 2568 1232 2625 Lach-

213 2656 332 2721 =manni
348 2657 546 2713 recensionem
561 2670 762 2725 sequeremur.
801 2652 816 2726 §
834 2658 848 2707 2
868 2660 895 2709 et
914 2660 929 2711 3
954 2670 1011 2710 non
1029 2655 1161 2711 dedimus
1177 2656 1231 2711 nisi

236 2741 368 2797 traditam
390 2742 559 2798 lectionem:
589 2741 652 2796 lieri
674 2742 751 2796 enim
773 2754 860 2813 posse
883 2756 1036 2810 negamus,
1064 2748 1094 2796 ut
1116 2757 1150 2796 ex
1174 2751 1232 2796 tam

236 2831 380 2898 corruptis
406 2829 570 2899 mutilisque
596 2828 744 2884 sententiis
770 2829 894 2897 genuina
920 2828 1016 2896 operis
1043 2827 1129 2882 iacies
1155 2828 1232 2882 diui-

237 2912 331 2968 nando
350 2920 552 2984 recuperetur.
592 2920 678 2984 atque
702 2915 731 2968 in
753 2913 872 2982 reliquis
895 2929 1012 2983 quoque
1036 2919 1164 2968 nontam
1180 2929 1233 2983 ge-

237 2998 356 3053 nuinum
382 3000 570 3055 iureconsulti
596 3014 759 3055 sermonem
782 3014 869 3068 quam
892 2994 954 3054 rem
976 3000 1067 3068 ipsam
1090 3014 1118 3070 q.
1145 2999 1175 3054 d.
1201 3017 1227 3056 a.
1251 3061 1254 3066 .

237 3084 357 3153 adsequi
373 3100 425 3140 nos
441 3101 526 3154 posse
543 3100 713 3154 persuasum
728 3082 879 3140 habemus.

301 3252 362 3300 V=
377 3250 642 3313 Lugduno-Batauus
654 3264 680 3299 n.
697 3254 727 3298 80
742 3263 812 3300 saec.
829 3250 866 3299 IX
878 3251 922 3300 uel
936 3250 960 3299 X

298 3320 316 3370 S
329 3339 359 3362 =
374 3319 640 3383 Lugduno-Batuuus
652 3333 679 3368 n.
696 3323 723 3368 ot
743 3320 847 3384 (incipit
859 3318 871 3382 ᾗ
884 3322 907 3378 2)

298 3391 318 3438 P
331 3409 362 3431 =
376 3389 534 3439 Parisiensis
547 3389 603 3438 Lat.
619 3391 684 3438 6508
698 3402 769 3439 saec.
784 3388 809 3437 X
822 3389 866 3438 uel
879 3389 915 3438 XI
937 3389 1042 3454 (incipit
1057 3386 1069 3452 §
1082 3393 1107 3448 Ξ,
1123 3388 1172 3438 de-

347 3459 411 3508 sinit
422 3458 449 3507 in
464 3455 476 3521 5
489 3459 503 3505 t
517 3472 544 3523 p.
560 3460 619 3516 ioh,
634 3461 647 3506 8
661 3459 765 3520 libertis)

298 3528 363 3577 Pith.
378 3546 409 3569 =
423 3527 527 3577 Pithoei
539 3525 621 3576 editio
634 3541 658 3575 a.
675 3532 740 3576 4573
758 3527 861 3591 (incipit
874 3524 886 3590 §
900 3528 922 3586 2)
1013 3538 1020 3545 ⁴

235 3595 282 3645 uhl
296 3597 406 3646 Latinus
425 3599 453 3646 et
464 3597 584 3646 Graecus
600 3598 741 3645 contextus
759 3598 830 3644 inter
845 3609 874 3646 se
885 3595 1051 3660 discrepant,
1072 3595 1148 3645 illum
1162 3597 1233 3646 notis

241 3661 270 3711 Vl
284 3666 329 3715 uel
342 3660 379 3726 Sl,
394 3665 468 3715 hunc
480 3665 551 3715 notis
567 3662 601 3714 Vg
611 3665 657 3713 uel
671 3663 703 3714 88
716 3665 909 3714 indicauimus.

194 3783 238 3799 mx
248 3783 475 3797 rtwloewamtaaeaaa
483 3784 619 3796 team-nawa
627 3784 634 3793 t
642 3788 647 3793 Α
654 3783 666 3794 ,κ
673 3786 679 3794 s
690 3782 856 3796 ,ν,,1»,ι.,ι,’]νψνφικ
863 3784 887 3795 ld
895 3784 935 3794 [μμ
943 3788 949 3793 ,
960 3784 985 3795 r(
994 3783 1018 3795 ,s
1055 3783 1139 3795 rwsuwv
1145 3782 1273 3796 ,ΛΛΝΝΛι

264 3853 281 3916 1)
302 3854 427 3904 Versuch
437 3853 508 3904 iiber
518 3853 672 3904 Dositheus.
693 3852 781 3903 Berlin
796 3857 870 3904 test.
887 3856 911 3901 t.

261 3921 280 4028 Ξ)
302 3923 421 4040 ῗοείῑὴθί
428 3924 866 4042 ἓὲςείεῑτίίηῖθῳτθωῐηθηῐοωω
876 3921 946 3972 liber
955 3924 1058 3973 tertius.
1080 3923 1188 3989 Bonnae
1201 3927 1274 3983 18³2.

262 3995 282 4120 4)
301 4005 376 4120 nge
386 4005 415 4109 ξη
427 4061 446 4110 S
458 4060 492 4110 ad
503 4006 652 4123 (rlnarginem
665 4061 709 4110 uel
723 4074 804 4124 supro
817 4073 930 4110 uersum
942 4059 1078 4122 adscripta
1090 4063 1163 4120 sunt,
1177 4061 1279 4126 quippe

192 4142 263 4190 quae
276 4129 311 4176 ad
323 4129 449 4191 scaligeri
464 4129 667 4179 emendationes
681 4129 803 4190 redeant,
818 4142 872 4178 non
886 4130 1172 4179 commemorauimus
