3010 4738
245 337 320 389 Paul.
334 337 380 397 tv,
395 340 450 386 tt
635 369 723 383 -.
764 336 805 399 98
848 369 936 384 ..-

244 527 388 608 portione
404 535 592 587 consecutus
605 526 658 604 sit,
675 535 711 587 ut
726 534 842 604 quarta
855 523 948 587 sibia
962 525 1175 589 coheredibus
1186 529 1263 589 eitra
1276 530 1330 589 in-

209 612 375 674 Sofficiosi
397 611 572 692 querellam
592 612 778 692 impleatur,
810 612 879 674 iure
900 611 1070 674 desiderat.
1119 614 1220 675 Pactio
1242 616 1325 689 talis,

245 718 287 762 ne
303 697 343 761 de
358 697 526 759 inofficioso
542 707 727 760 testamento
742 697 883 775 dicatur,
909 699 1082 778 querellam
1097 718 1195 780 super
1210 700 1328 762 iudicio

244 785 382 848 futuram
397 803 461 845 non
482 783 643 846 excludet:
668 785 792 845 meritis
816 785 902 845 enim
917 783 1036 846 liberos
1058 803 1154 865 quam
1172 788 1329 867 pactioni-

208 869 227 928 9
245 872 307 934 bus
327 869 480 950 adstringi
501 870 629 951 placuit.
683 871 819 949 Rogatus
840 868 1050 932 hereditatem
1073 873 1241 934 restituere
1267 876 1361 935 etsie

246 956 409 1019 inofficiosi
425 956 599 1036 querellam
612 957 794 1034 instituerit,
813 954 1054 1018 fideicommissa
1068 975 1132 1018 non
1144 958 1180 1019 fit
1190 959 1321 1020 iniuria:

245 1052 389 1125 quartam
403 1043 489 1105 enim
504 1039 698 1104 solummedo
712 1041 900 1104 hereditatis
914 1044 1043 1121 amittit,
1063 1061 1159 1124 quam
1173 1043 1328 1107 beneficio

188 1127 225 1186 40
244 1139 372 1192 senatus
395 1128 531 1191 consulti
549 1126 667 1190 hahere
689 1129 853 1207 potuisset.
900 1130 999 1191 Heres
1020 1131 1184 1193 institutus
1205 1130 1328 1193 habeus

244 1215 451 1278 substitutum
466 1215 493 1276 si
509 1213 548 1276 de
564 1212 735 1274 inofficioso
749 1212 867 1276 dixerit
881 1234 941 1276 nec
954 1214 1139 1295 obtinuerit,
1158 1236 1221 1278 non
1236 1216 1271 1280 id
1286 1217 1328 1280 ad

244 1303 365 1380 fiscum,
384 1298 442 1364 sed
457 1299 498 1363 ad
513 1300 718 1363 substitutum
734 1300 919 1380 pertinebit.
1347 1315 1379 1361 4ο

643 1486 683 1568 [vr
724 1507 762 1549 nu
785 1489 927 1571 vrcusrua]

209 1607 220 1665 4
331 1607 469 1671 Tabulae
491 1609 671 1668 testamenti
693 1609 881 1689 aperiuntur
895 1609 954 1671 hoc
968 1609 1077 1689 modo,
1103 1620 1138 1673 ut
1153 1619 1250 1673 testes
1272 1612 1328 1673 uel

246 1696 382 1757 maxima
402 1712 476 1775 pars
497 1712 605 1755 eorum
627 1693 831 1774 adhibeatur,
856 1696 913 1775 qui
935 1697 1132 1775 signauerint
1154 1706 1328 1759 testamen-

244 1791 327 1843 tum:
353 1782 395 1842 ita
410 1788 446 1841 ut
460 1780 574 1859 agnitis
590 1780 689 1860 signis
705 1789 798 1860 rupto
813 1781 877 1843 lino
892 1784 1052 1862 aperiatur
1067 1793 1099 1844 et
1113 1784 1265 1846 recitetur
1279 1793 1328 1845 at-

245 1886 308 1947 que
334 1867 379 1929 ita
405 1864 608 1927 describendi
631 1867 768 1947 exempli
791 1867 845 1927 fiat
871 1876 1011 1948 potestas
1037 1888 1074 1930 ac
1098 1868 1216 1932 deinde
1237 1872 1327 1949 siguo
1346 1882 1378 1928 45

243 1951 371 2033 publico
383 1952 580 2031 obsignatum
592 1953 626 2012 in
637 1952 981 2033 archiuumredigat-ur,
992 1964 1038 2033 ut,
1046 1956 1074 2016 si
1083 1954 1328 2035 quandoexem-

207 2036 226 2097 2
245 2039 332 2120 plum
349 2039 417 2099 eius
433 2037 646 2117 interciderit,
665 2041 721 2119 sit,
739 2038 825 2101 uude
841 2040 908 2119 peti
923 2042 1033 2121 possit.
1079 2043 1278 2104 Testamenta
1294 2044 1327 2103 in

244 2125 428 2205 municipiis
442 2125 571 2186 coloniis
585 2124 711 2205 oppidis
731 2123 933 2204 praefectura
946 2128 1017 2188 uico
1038 2127 1164 2188 castello
1179 2129 1328 2190 concilia-

244 2210 318 2273 bulo
334 2209 414 2272 iacta
430 2209 541 2271 infore
556 2211 609 2272 uel
623 2210 753 2273 basilica
765 2212 987 2292 praesentibus
999 2212 1134 2275 testibus
1144 2215 1199 2275 uel
1210 2215 1328 2275 hones·
1389 2222 1392 2227 '

244 2298 285 2359 tis
300 2298 380 2359 uiris
395 2298 480 2357 inter
494 2297 602 2381 horam
620 2295 792 2359 secundam
809 2306 839 2358 et
858 2296 1013 2359 decimam
1028 2297 1093 2360 diei
1111 2301 1232 2380 aperiri
1244 2301 1327 2361 reci·
1346 2312 1377 2357 2⁰

243 2384 368 2463 tarique
384 2382 560 2461 debebunt,
578 2383 787 2464 exemploque
803 2382 925 2446 sublato
941 2383 981 2445 ab
997 2384 1099 2446 isdem
1117 2404 1227 2448 rursus
1249 2386 1328 2487 [ma-

193 2551 227 2612 2²
242 2467 1328 2638 attttlthtltttfflathablatha?ttttttlh

243 2640 424 2723 *aperuerit
439 2641 678 2719 recitaueritue,
696 2659 798 2720 poena
813 2644 1030 2705 sestertiorum
1047 2645 1188 2724 quinque
1204 2645 1327 2706 milium

207 2725 224 2782 3
244 2726 423 2789 *tenetur*
465 2728 700 2788 Testamentum
724 2727 776 2788 lex
796 2728 901 2789 statim
923 2738 994 2809 post
1014 2738 1148 2791 mortem
1168 2732 1327 2793 testatoris
1345 2743 1378 2789 aa

245 2814 364 2894 aperiri
379 2813 491 2874 uoluit.
528 2820 559 2873 et
575 2811 663 2891 ideo,
682 2814 828 2894 quamuis
843 2815 884 2875 sit
900 2815 1063 2896 rescriptis
1077 2816 1253 2896 uariatum,
1278 2827 1327 2878 ta-

246 2917 357 2959 mena
384 2897 607 2978 praesentibus
630 2899 714 2960 iutra
736 2897 878 2960 triduum
900 2901 954 2961 uel
983 2902 1125 2982 quinque
1153 2901 1223 2964 dies
1249 2922 1328 2983 ape-

245 2981 375 3045 riendae
391 2991 465 3045 sunt
479 2982 625 3045 tabulae:
652 2983 690 3045 oh
711 2983 896 3046 absentibus
917 3004 1044 3066 quoque
1064 2989 1146 3049 intra
1168 3007 1222 3050 eos
1244 2987 1324 3068 dies,

246 3088 318 3131 cum
333 3071 598 3149 superuenerint:
612 3083 686 3130 ‘nec
700 3071 784 3131 enim
800 3078 923 3150 oportet
944 3080 1009 3133 tum
1030 3073 1204 3136 heredibus
1227 3083 1259 3135 et
1279 3075 1329 3135 le-

245 3155 373 3234 gatariis
401 3163 456 3217 aut
482 3154 685 3217 libertatibus
714 3173 809 3235 quam
831 3160 1008 3220 necessario
1029 3161 1177 3240 uectigali
1208 3180 1326 3223 moram
1347 3173 1378 3218 ac

245 3240 325 3304 fieri.

246 3412 296 3426 Ιννν
299 3410 1327 3431 mmmmm

313 3500 338 3559 t,
353 3499 383 3545 2²
395 3515 426 3539 =
440 3500 514 3546 curtat
524 3497 551 3545 tu
564 3495 623 3546 Eat
636 3496 790 3552 Rosomhtuo

250 3634 296 3648 ΑΛΓ

314 3737 471 3800 tquartam
484 3735 533 3785 ut
570 3734 581 3799 ll
620 3736 778 3788 8consulto
791 3738 840 3787 ML
877 3737 888 3800 11
927 3741 958 3788 44
978 3740 1062 3803 siguis
1074 3741 1146 3800 dett,
1168 3743 1274 3806 signitis
1287 3744 1324 3804 M,

244 3804 339 3868 sigillis
351 3805 441 3855 suist
480 3803 491 3868 ΙΙ
534 3808 564 3853 48
584 3804 801 3856 coloniacodices
840 3806 852 3870 ll
894 3809 1101 3872 arapennem.
1116 3812 1324 3875 codicer,suppl.

244 3874 429 3924 hittershesius
468 3872 480 3937 11
521 3876 548 3922 tt
571 3873 776 3937 magistratibus
787 3876 847 3935 det,
864 3876 897 3939 cf.
913 3877 973 3940 Dtp.
988 3881 1030 3940 29,
1046 3880 1099 3939 ³,7
1147 3877 1158 3942 ΙΙ
1205 3884 1236 3929 tt
1257 3895 1327 3944 quo-

243 3955 305 3992 rum
316 3941 380 4004 sqq]
394 3947 512 4004 expectes
522 3942 578 4005 sere
590 3943 618 3992 in
630 3955 747 4005 quorum
759 3946 912 4007 praesentia
924 3947 1017 4010 aperta
1030 3948 1093 3996 sunt
1122 3946 1133 4011 ΙΙ
1164 3950 1195 3996 23
1209 3949 1327 4014 qualiter

243 4011 356 4060 codices
377 4009 388 4075 ΙΙ
429 4012 676 4076 legempereipitur
689 4012 747 4061 Ros.
787 4011 799 4074 ΙΙ
837 4015 868 4061 et
887 4027 983 4064 ueem.
999 4015 1056 4064 llos.
1097 4014 1109 4079 ΙΙ
1148 4019 1289 4081 poenaeE
1316 4015 1328 4085 ΙΙ
1420 4035 1424 4040 ·
1490 4064 1492 4071 ⁴

243 4083 275 4128 25
294 4080 487 4129 teneaturltos.
536 4078 547 4142 ΙΙ
594 4082 626 4130 28
645 4079 680 4130 ab
692 4093 741 4131 cm.
757 4081 806 4131 att
847 4080 863 4145 ll
910 4085 942 4131 29
961 4085 1016 4135 tam
1030 4084 1223 4145 Rittershustur,
1240 4089 1325 4138 testa-

242 4149 364 4197 mentum
375 4149 473 4198 codices
