3010 4738
194 275 269 328 Paul.
284 276 316 335 V,
330 278 372 327 tt.
388 275 418 327 84
573 308 660 320 -—-
706 273 766 336 136
809 308 895 321 --

305 462 410 543 [xxxin
453 481 491 523 nn
514 481 703 525 mrrronrsvs
727 483 761 524 nr
784 482 888 526 rosula
907 462 1157 543 sinisteriorem]

157 587 170 645 l
279 584 324 644 Ne
336 583 471 644 liberum
480 584 552 662 quis
560 590 592 643 et
603 581 878 645 solutumhaberet
886 582 1051 645 arbitrium
1060 580 1274 644 retractandae

194 678 226 732 et
242 667 437 731 reuocandae
450 669 642 746 sententiae,
661 679 692 730 et
704 687 822 749 poenae
835 679 866 731 et
877 679 1017 750 tempora
1028 666 1275 749 appellatoribus

193 756 379 834 praestituta
402 763 486 816 sunt.
534 753 619 834 quod
634 755 696 816 nisi
710 756 793 817 iuste
808 755 1055 836 appellauerint,
1080 764 1219 834 tempora
1233 754 1274 816 ad

192 840 372 904 cauendum
388 842 421 902 in
436 859 536 921 poena
552 841 770 922 appellationis
786 843 928 921 quinque
950 840 1075 904 dierum
1091 842 1275 919 praestituta
1292 851 1307 898 5

191 936 277 991 sunt.
303 928 397 1008 igitur
412 945 534 988 otorano
550 928 583 987 in
600 946 635 989 eo
651 928 736 1006 loeo,
757 926 812 989 uhi
826 928 1016 1008 appellauit,
1034 946 1147 991 cauere
1163 925 1270 1003 debet,

191 1022 227 1079 ut
238 1031 278 1075 ex
289 1011 341 1074 die
354 1022 551 1093 acceptarum
566 1013 739 1075 litterarum
755 1015 895 1076 continui
907 1015 1048 1095 quinque
1063 1013 1132 1075 dies
1143 1031 1274 1092 compu-

190 1108 313 1189 tentur:
332 1100 362 1160 si
380 1117 457 1162 uero
472 1100 608 1179 longius,
626 1099 714 1161 salua
726 1098 977 1163 dinumeratione
990 1101 1117 1163 interim
1131 1101 1274 1180 quinque

154 1189 174 1250 2
192 1184 262 1249 dies
277 1205 348 1248 cum
365 1205 401 1248 eo
416 1186 485 1267 ipso
501 1204 562 1266 quo
577 1185 697 1247 litteras
712 1188 870 1268 acceperit
885 1195 1116 1267 computantur.
1141 1186 1185 1248 Ne
1200 1186 1275 1265 quis

192 1273 226 1337 iu
246 1273 420 1353 captionem
443 1270 614 1336 uerborum
635 1272 668 1332 in
686 1272 826 1335 cauendo
842 1271 974 1351 incidat,
1000 1271 1274 1353 expeditissimum
1293 1287 1325 1332 ro

192 1367 240 1420 est
261 1376 396 1439 poenam
417 1358 518 1439 ipsam
539 1358 591 1420 uel
613 1356 690 1439 qnid
706 1358 794 1421 aliud
808 1378 865 1440 pro
889 1378 925 1421 ea
941 1358 1117 1440 deponere:
1143 1376 1273 1419 necesse

192 1445 278 1506 enim
301 1442 479 1507 nonhabet
506 1461 689 1524 sponsorem
711 1446 783 1524 quis
805 1444 859 1507 uel
879 1444 1096 1508 fideiussorem
1122 1443 1198 1506 dare
1220 1452 1274 1505 ant

191 1548 342 1611 praesens
364 1548 450 1592 esse:
476 1538 507 1590 et
529 1531 555 1590 si
577 1540 685 1593 eontra
699 1549 771 1593 eum
787 1529 882 1594 luerit
896 1532 1148 1612 pronuntiatum,
1168 1528 1273 1611 perdit

153 1614 277 1697 3quod
306 1615 464 1696 deposuit.
517 1616 669 1690 Quotiens
696 1618 728 1677 in
755 1637 856 1697 poena
882 1617 1103 1699 appellationis
1129 1625 1270 1694 cauetur,

192 1710 257 1764 tarn
278 1719 477 1781 unusquam
499 1702 607 1782 plures
623 1700 835 1781 fideiussores,
854 1707 880 1766 si
895 1702 1004 1765 idonei
1019 1703 1099 1781 sint,
1118 1702 1185 1765 dari
1200 1720 1276 1782 pos·
1293 1718 1324 1763 ⁴5
1357 1758 1359 1763 ,

192 1794 282 1848 sunt:
302 1786 418 1849 sufficit
429 1788 513 1849 enim
526 1788 619 1849 etiam
635 1807 694 1869 per
704 1808 804 1851 unum
820 1789 969 1851 idoneum
986 1787 1188 1850 indemnitati
1196 1807 1273 1868 poe-

155 1876 252 1936 inae
275 1873 406 1936 consuli.
453 1874 486 1934 Si
508 1875 616 1954 plures
638 1875 815 1956 appellant,
840 1895 905 1938 una
920 1876 1022 1938 cautio
1038 1874 1172 1953 suflicit,
1199 1882 1231 1935 et
1246 1875 1272 1934 si

154 1961 173 2021 t
193 1977 277 2021 unus
292 1968 412 2038 canent,
431 1959 578 2022 omnibus
593 1961 704 2022 uincit.
730 1962 809 2023 Cum
825 1981 842 2024 a
858 1960 1005 2043 pluribus
1020 1961 1185 2023 sententiis
1200 1978 1274 2040 pro-

192 2053 332 2122 uocatur,
351 2046 493 2125 singulae
506 2048 667 2108 cautiones
682 2046 857 2127 exigendae
872 2057 946 2110 sunt
958 2046 1040 2109 etde
1052 2047 1275 2127 singulispoe-

154 2137 173 2194 6
193 2132 243 2192 nis
259 2130 479 2212 spondendum
495 2142 553 2194 est.
600 2132 708 2196 Modus
723 2153 855 2214 poenae,
875 2135 908 2195 in
924 2153 987 2214 qua
1002 2135 1074 2214 quis
1089 2151 1202 2196 cauere
1217 2131 1275 2194 de·
1292 2145 1324 2190 ao

192 2216 264 2296 bet,
290 2218 471 2298 specialiter
486 2220 519 2279 in
535 2221 678 2281 cautione
694 2219 921 2301 exprimendus
938 2227 1003 2298 est,
1030 2228 1064 2281 ut
1079 2219 1135 2297 sit,
1162 2221 1195 2280 in
1212 2236 1273 2298 qua

192 2305 353 2385 stipulatio
368 2305 594 2366 committatur:
614 2306 707 2366 aliter
718 2307 804 2367 enim
819 2316 903 2368 reete
916 2307 1037 2368 cauisse
1053 2324 1114 2366 non
1132 2304 1271 2367 uidetur.

153 2393 173 2454 7
192 2388 343 2452 Adsertor
350 2390 377 2451 si
387 2399 546 2471 prouocet,
562 2391 676 2453 ineius
689 2391 773 2453 modi
785 2394 909 2453 tertiam
917 2410 1029 2453 cauere
1042 2389 1148 2470 debet,
1163 2391 1274 2471 quanti

148 2481 284 2539 8censa
306 2477 469 2538 aestimata
490 2486 547 2538 est.
594 2476 646 2538 *ln
670 2477 817 2540 omnibus
837 2479 1029 2558 pecuniariis
1051 2478 1153 2539 causis
1175 2478 1274 2556 magis

191 2560 270 2641 *est
289 2573 325 2625 ut
341 2563 374 2623 in
389 2564 515 2624 tertiam
531 2572 654 2644 partem
671 2564 740 2625 eius
755 2565 909 2645 pecuniae
925 2560 1105 2627 caueatur*
1292 2573 1323 2620 as

357 2771 360 2777 ·
465 2750 561 2835 [xmr
605 2770 642 2813 on
663 2771 794 2815 nirrsms
815 2754 1001 2832 niuissonus]

152 2875 167 2934 i
276 2868 326 2932 Ab
341 2891 394 2950 eo,
419 2891 516 2952 aquo
537 2873 731 2954 appellatum
748 2882 811 2951 est,
831 2872 872 2935 ad
888 2892 980 2952 eum,
1005 2873 1061 2952 qui
1077 2871 1117 2935 de
1133 2870 1276 2952 appella-

191 2957 276 3018 tione
302 2959 485 3037 cogniturus
507 2967 570 3035 est,
597 2957 722 3020 litterae
745 2958 942 3021 dimissoriae
964 2958 1163 3040 diriguntur,
1192 2975 1275 3037 quae

191 3042 287 3123 uulgo
303 3042 433 3122 apostoli
449 3042 667 3124 appellantur:
692 3062 826 3124 quorum
841 3043 1009 3125 postulatio
1025 3054 1055 3105 et
1070 3045 1209 3124 acceptio
1225 3044 1276 3103 in-

154 3133 174 3194 2
192 3137 239 3190 tra
254 3129 400 3209 quintum
417 3128 502 3191 diem
518 3148 559 3190 cx
574 3128 675 3190 officio
691 3128 836 3193 iacienda
852 3138 909 3192 est.
957 3131 1018 3203 Qui
1033 3131 1116 3191 intra
1131 3138 1273 3209 tempora
1293 3140 1323 3185 ao

192 3215 380 3296 praestituta
396 3213 590 3277 dimissorias
605 3234 668 3276 non
684 3215 889 3296 postulauen't
901 3217 954 3278 uel
965 3216 1121 3297 acceperit
1133 3215 1186 3277 nel
1201 3213 1276 3275 red-

192 3300 319 3380 diderit,
338 3302 585 3381 praescriptione
601 3299 641 3363 ab
657 3301 779 3382 agendo
800 3301 1008 3365 submouetur
1023 3311 1054 3364 et
1068 3320 1202 3383 poenam
1218 3319 1275 3380 ap-

190 3388 369 3469 pellationis
385 3387 501 3449 inferre
517 3395 655 3467 cogetur.

198 3556 1277 3576 wwvvwwnmwwmfflwmtmwmmssmmmwmmmmmww

260 3649 303 3709 st,
315 3649 329 3695 8
339 3649 459 3697 restituta
469 3651 506 3697 cet
518 3614 608 3696 M
616 3651 641 3697 ct
649 3659 683 3696 en
692 3648 777 3697 codice
788 3647 922 3697 Vesonttcc
938 3645 1050 3709 (Ostorii
1062 3645 1168 3696 Obrers.
1177 3647 1204 3694 st
1215 3681 1220 3703 ,
1232 3645 1272 3705 tt)

197 3785 249 3798 ιΛΛΆ

260 3890 380 3952 tpoena
394 3888 423 3937 Μ
449 3888 461 3951 ΙΙ
492 3890 635 3937 tmorans
650 3885 780 3945 Ceionius,
796 3887 922 3949 ignorans
936 3888 958 3936 si
972 3887 1070 3936 codices
1099 3885 1110 3948 ΙΙ
1141 3885 1278 3935 Sinterim

191 3957 228 4016 it,
243 3957 342 4019 integri
355 3958 427 4015 dett..
442 3957 531 4006 itineri
547 3956 668 4007 Guicdus
697 3955 709 4018 ΙΙ
739 3957 769 4003 lt
789 3955 812 4004 si
825 3956 914 4005 candi
943 3954 954 4017 ΙΙ
985 3958 1016 4002 to
1035 3968 1084 4018 per
1095 3957 1167 4011 dett,
1183 3954 1254 4003 indi
1269 3948 1279 4016 ll

192 4024 365 4075 indemnitati
380 4024 511 4083 Cedamus,
532 4024 716 4075 indemnitatis
733 4025 830 4073 codices
870 4023 882 4086 ll
923 4027 955 4073 ts
973 4023 1108 4073 uincetli
1146 4021 1157 4086 ll
1198 4026 1226 4072 it
1251 4023 1278 4071 in

191 4097 268 4153 dett,
284 4106 332 4143 om.
349 4094 378 4144 M
405 4093 416 4157 ΙΙ
447 4096 475 4141 at
497 4093 623 4144 omnisli
651 4092 663 4156 ll
692 4096 723 4142 ili
742 4090 1019 4157 pecuniacaueturl
