3006 4736
564 461 604 542 [rr
646 481 683 522 nr
705 479 841 523 rnoorru
863 459 974 542 oreris]

192 584 203 642 1
314 584 374 656 Qui
390 583 515 662 negotia
530 582 633 643 aliena
650 583 748 662 gerit,
769 591 800 643 et
815 581 929 643 bonam
946 579 1041 642 fidem
1057 589 1088 641 et
1105 587 1246 641 exactam
1262 577 1313 639 di-

228 671 390 750 ligentiam
418 666 515 728 rebus
541 669 610 728 eius
636 688 693 749 pro
719 688 782 748 quo
813 669 986 729 interuenit
1012 675 1175 745 praestare
1203 663 1309 726 debet.

190 757 209 817 2
228 758 325 817 Tutor
335 765 405 834 post
420 754 541 814 finitam
552 754 682 815 tutelam
701 755 727 815 si
739 755 773 814 in
784 754 1056 815 administratione
1068 753 1173 829 duret,
1191 752 1312 813 actione

228 843 424 921 negotiorum
453 851 612 920 gestorum
641 841 762 921 pupillo
789 841 840 902 uel
870 841 1008 901 curatori
1033 841 1102 900 eius
1136 835 1309 899 tenebitur.
1332 849 1347 894 5

177 929 211 990 2·
229 927 323 989 *Litis
344 937 534 988 contestatae
558 936 701 1007 tempore
723 928 834 1005 quaeri
856 926 951 1003 solet,
977 944 1016 986 an
1038 925 1196 1005 pupillus,
1222 924 1314 985 cuius

228 1013 317 1074 *sine
332 1014 444 1074 tutoris
466 1014 652 1074 auctoritate
668 1014 793 1092 negotia
810 1024 897 1092 gesta
913 1022 998 1088 sunt,
1018 1011 1203 1091 locupletior
1219 1010 1260 1070 sit
1275 1028 1315 1070 ex

190 1102 208 1160 3
228 1099 284 1161 *ea
301 1118 335 1160 re
352 1098 471 1176 factuS,
490 1100 581 1159 cuius
597 1101 717 1178 patitur
732 1097 920 1160 actionem*
948 1098 980 1158 Si
997 1098 1150 1177 pecuniae
1167 1097 1240 1176 quis
1256 1115 1315 1157 ne-

229 1187 347 1266 gotium
360 1195 460 1264 gerat,
478 1203 591 1246 usuras
606 1203 731 1264 quoque
747 1186 842 1246 totius
856 1185 1008 1263 temporis
1020 1192 1180 1263 praestare
1192 1183 1315 1261 cogitur

230 1283 260 1332 et
281 1272 459 1352 periculum
481 1289 590 1331 eorum
614 1272 777 1332 nominum
800 1269 918 1349 quibus
946 1270 1108 1331 collocauit
1129 1287 1310 1348 agnoscere,
1335 1281 1365 1325 to

229 1359 255 1418 si
279 1358 344 1417 litis
368 1367 510 1436 tempore
531 1355 683 1418 soluendo
705 1376 768 1417 non
784 1359 863 1418 sint:
889 1359 946 1417 hoc
962 1358 1045 1417 enim
1068 1357 1101 1415 in
1117 1354 1218 1415 bonae
1240 1353 1313 1415 fidei

192 1446 208 1503 l
230 1442 355 1504 iudiciis
370 1442 493 1503 seruari
509 1444 669 1503 conuenit.
696 1445 804 1520 Mater,
824 1461 905 1522 quae
922 1442 1059 1503 liliorum
1071 1460 1200 1502 suorum
1217 1438 1315 1501 rebus

229 1528 422 1602 interuenit,
448 1528 569 1588 actione
592 1530 787 1607 negotiorum
817 1540 976 1609 gestorum
1000 1539 1031 1590 et
1054 1528 1131 1607 ipsis
1154 1537 1314 1588 eteorum

191 1612 386 1676 aratoribus
408 1612 581 1675 tenebitur.
622 1614 718 1676 Filius
740 1614 874 1675 familias
900 1615 953 1675 uel
969 1633 1082 1675 seruus
1104 1613 1131 1673 si
1155 1613 1313 1692 negotium

228 1700 362 1761 alicuius
391 1711 519 1779 gerant,
547 1701 578 1759 in
600 1712 723 1780 patrem
744 1700 947 1762 dominumue
968 1700 1092 1779 peculio
1117 1710 1212 1760 tenus
1234 1699 1314 1759 actio
1334 1712 1366 1757 tt

192 1788 210 1845 6
229 1784 368 1847 dabitur.
395 1786 427 1846 Si
443 1797 534 1865 pater
549 1786 601 1847 uel
617 1786 763 1848 dominus
779 1806 871 1847 seruo
886 1786 939 1846 uel
956 1785 1168 1846 filiofamilias
1191 1786 1316 1865 negotia

192 1873 210 1932 7
230 1873 333 1932 aliena
356 1871 478 1950 agenda
501 1873 707 1946 commiserit,
742 1874 774 1933 in
798 1872 934 1934 solidum
956 1870 1128 1932 tenebitur.
1177 1873 1267 1932 Pater
1288 1873 1315 1932 si

231 1959 418 2037 emancipati
439 1958 494 2018 filii
516 1977 567 2019 res
589 1960 658 2020 sine
673 1959 737 2020 ulla
758 1960 944 2039 exceptione
968 1978 986 2018 a
1008 1977 1041 2019 se
1063 1957 1193 2018 donatas
1214 1956 1316 2018 admi-

192 2046 211 2103 8
230 2045 395 2122 nistrauit,
423 2044 486 2104 filio
503 2046 623 2106 actione
639 2047 833 2125 negotiorum
851 2054 1010 2125 gestorum
1026 2042 1199 2105 tenebitur.
1240 2044 1312 2120 Qui,

231 2148 302 2190 cum
318 2140 403 2190 tutor
418 2141 585 2192 curatorue
601 2151 664 2192 non
680 2142 774 2210 essct,
789 2151 848 2212 pro
865 2141 968 2192 tutore
985 2141 1172 2192 curatoreuc
1188 2149 1239 2190 res
1254 2147 1315 2206 pu·
1333 2143 1365 2188 ao

230 2216 298 2294 pilli
327 2215 468 2278 adultiue
501 2215 755 2296 administrauit,
785 2218 907 2278 actione
930 2218 1127 2296 negotiorum
1157 2227 1315 2295 gestorum

193 2306 211 2364 9
231 2322 288 2382 pro
309 2313 413 2364 tutore
435 2312 622 2364 curatoreue
648 2304 822 2365 tenebitur.
862 2302 969 2364 *Actio
992 2303 1188 2383 negotiorum
1212 2311 1316 2381 gesto-

173 2390 210 2451 10
231 2388 321 2450 *rum
332 2390 379 2449 illi
395 2388 498 2466 datur,
518 2391 608 2450 cuius
619 2391 752 2451 interest
764 2391 822 2452 hoc
834 2389 951 2451 iudicio
963 2389 1113 2468 experiri.
1141 2389 1204 2448 Nec
1220 2387 1317 2449 refert

230 2474 370 2536 *directa
393 2476 465 2554 quis
487 2494 526 2535 an
550 2474 620 2536 utili
634 2477 754 2537 actione
776 2486 847 2554 agat
869 2476 920 2536 uel
943 2475 1165 2551 conueniatur,
1192 2475 1266 2553 quia
1282 2476 1315 2534 in

230 2559 510 2621 *extraordinariis
532 2561 675 2639 iudiciis,
700 2560 756 2623 ubi
772 2562 936 2641 conceptio
952 2560 1157 2622 formularum
1179 2579 1242 2620 non
1258 2558 1316 2621 ob·
1335 2572 1367 2618 aa

231 2644 409 2723 *seruatum
427 2648 505 2707 baec
521 2646 680 2708 subtilitas
696 2666 894 2727 superuacua
911 2658 969 2712 est,
989 2648 1124 2707 maxime
1141 2666 1210 2707 cum
1227 2657 1316 2707 utra-

231 2731 312 2847 une
334 2733 416 2847 potio
438 2733 582 2795 eiusdem
603 2734 766 2813 potestatis
793 2742 840 2793 est
867 2731 1069 2812 eundemque
1095 2731 1190 2793 habet
1220 2733 1316 2793 effec-

251 2827 329 2877 tum.

569 2970 598 3051 [r
640 2991 677 3031 nr
701 2972 978 3053 oinvunmroarnvsl

195 3096 207 3154 l
319 3091 535 3152 Calumniosus
551 3092 669 3170 estqui
686 3093 788 3153 sciens
803 3092 1008 3172 prudensque
1024 3112 1082 3172 per
1098 3091 1242 3154 fraudem
1257 3111 1316 3153 ne·
1335 3104 1367 3149 ao

194 3183 213 3243 2
232 3178 351 3256 gotium
365 3177 459 3261 alicui
476 3187 648 3260 comparat„
687 3179 725 3238 Et
741 3179 773 3238 in
790 3180 925 3258 priuatis
941 3190 971 3239 et
988 3180 1020 3239 in
1036 3178 1173 3259 publicis
1190 3179 1315 3241 iudiciis

303 3369 326 3426 t,
342 3370 414 3414 2²:
432 3367 487 3429 Dip.
504 3371 528 3425 3,
544 3370 568 3428 5,
584 3370 669 3428 ttpr.
696 3367 706 3429 11
733 3369 988 3431 t‚a=utp.e,o‚
1006 3371 1073 3426 36,1
1102 3367 1113 3429 11
1138 3367 1311 3430 t,7=Dip.

233 3438 383 3497 a,t,eo,2
420 3434 430 3498 11
468 3438 491 3492 1,
513 3437 833 3499 9.111ε1)19.3,5,16
870 3438 880 3498 11
916 3436 1274 3497 5‚t=Goosultotiot,2t
1306 3434 1315 3499 11

232 3505 423 3567 5,2=Cooe
440 3508 465 3565 6,
481 3509 508 3552 2⁴
531 3505 647 3568 Diuisit,
664 3509 735 3566 16,3

472 3605 715 3622 vwvmlkuvvwm
718 3608 761 3621 ΛΛΛ

302 3676 410 3727 3debet
422 3676 459 3736 M,
474 3675 615 3725 debebitl
645 3675 656 3738 11
686 3677 1000 3741 9totiustemporisom.
1016 3677 1075 3740 Dip.
1101 3675 1112 3738 11
1136 3678 1241 3739 cogitur
1253 3678 1313 3726 dett.

231 3747 374 3810 menie,
396 3748 508 3809 cogetur
520 3745 569 3795 Mt
605 3744 615 3807 11
653 3749 682 3793 10
701 3745 822 3808 quibuS.
840 3783 845 3794 .
862 3785 867 3794 .
886 3746 1067 3808 ticonuenit]
1087 3759 1157 3808 quae
1176 3748 1316 3810 ipsecon-

182 3808 185 3816 ’
231 3816 325 3864 traxit:
347 3816 398 3865 nisi
417 3814 536 3865 fortuitis
554 3814 665 3864 casibus
684 3814 819 3864 debitores
839 3816 875 3864 ita
894 3828 957 3865 suas
974 3814 1095 3864 fortunas
1109 3815 1267 3873 amiserunt,
1287 3817 1317 3862 ut

230 3887 352 3948 tempore
374 3884 429 3934 litis
452 3898 486 3933 ex
509 3897 540 3933 ea
563 3884 669 3933 actione
695 3886 859 3933 contestatae
877 3883 1010 3933 soluendo
1029 3897 1083 3933 non
1102 3887 1193 3934 essent
1211 3884 1271 3946 Dip.
1308 3879 1318 3948 11

233 3956 263 4000 18
283 3953 342 4002 sine
354 3953 409 4002 ulla
421 3966 480 4003 exc.
495 3966 544 4002 orn.
560 3953 619 4015 Dio.
646 3951 657 4015 11
682 3956 713 3999 20
732 3965 781 4016 pro
794 3953 862 4012 cdd,
877 3953 899 4002 si
912 3967 962 4017 pro
975 3954 1073 4002 codices
1096 3952 1106 4015 11
1132 3956 1162 4001 30
1182 3966 1231 4016 per
1244 3950 1317 4000 frau-

231 4019 293 4068 dem
307 4022 367 4070 dett.
382 4035 440 4070 com
455 4022 541 4081 cons„
560 4020 683 4072 fraudem
696 4022 725 4082 t,
746 4022 804 4083 ipse
819 4019 956 4071 fraudeM
994 4020 1005 4083 11
1047 4024 1074 4069 31
1098 4024 1189 4072 et...
1207 4020 1317 4070 iudiciis

231 4101 280 4136 om.
300 4089 390 4139 Coeo:
407 4095 432 4140 et
445 4093 472 4140 in
485 4093 557 4155 priu.
571 4094 598 4141 et
610 4091 638 4139 in
651 4089 876 4140 extraordinariis
886 4090 1048 4140 criminibus
1061 4090 1120 4153 Die.
