3006 4736
598 332 898 395 ...43-

206 533 279 585 ante
297 523 326 602 4,
345 521 375 602 7,
396 524 427 584 4.
446 524 477 602 2,
498 523 526 602 4,
541 523 572 582 5.
592 524 621 600 2,
642 524 672 598 5,
688 523 718 583 3.
739 523 770 599 2,
790 523 841 601 43,
858 524 886 584 4.
906 524 936 602 3,
956 523 986 602 3,
1004 524 1067 586 42·.
1086 523 1117 602 3,
1136 523 1166 602 3,
1186 523 1236 582 44.
1255 523 1285 598 5,

207 610 259 688 22,
278 610 315 670 24
339 619 505 689 praeterea
518 609 765 689 wisigothorum
779 609 871 690 culpa
887 610 1033 671 3443343444
1048 619 1112 689 334,
1130 618 1165 672 34
1181 607 1291 672 rubri·

206 714 260 756 cae
283 697 319 774 2,
339 696 379 756 30
396 704 428 758 34
444 699 480 773 5,
501 696 558 773 to,
582 712 664 775 quae
686 696 843 774 genuinae
866 714 935 756 esse
955 694 1126 769 uidentur,
1152 697 1185 756 in
1208 697 1289 775 Lege

205 782 343 843 Romana
358 782 526 843 sententiis
541 780 644 842 alieno
658 799 789 860 prorsus
799 780 1180 861 argumentoinsignibus
1194 799 1290 861 prae-

206 869 420 930 mitterentur.
451 885 532 947 quae
554 886 626 929 oum
648 868 690 927 ita
713 868 777 928 sint
798 885 904 947 neque
919 867 1053 947 pristina
1069 868 1154 929 Pauli
1174 867 1289 929 diuisio

206 962 291 1015 33443
314 954 437 1016 43344434
452 954 568 1033 possit,
592 962 723 1032 propter
738 952 896 1033 allegandi
917 954 1085 1016 utilitatem
1101 972 1169 1014 eam
1190 953 1290 1014 libro-

206 1059 276 1101 rum
299 1041 332 1101 in
348 1040 456 1103 titulos
472 1038 679 1115 diuisionem,
698 1057 779 1118 quae
795 1039 957 1120 hucusque
973 1057 1031 1120 per
1047 1038 1201 1100 editiones
1215 1057 1291 1119 pro-

205 1135 317 1206 pagata
328 1134 386 1204 est,
405 1126 612 1187 retinuimus:
625 1124 831 1187 'rubricarum
843 1143 925 1205 quae
937 1124 1170 1188 interciderunt
1180 1123 1289 1187 sedem

204 1230 305 1273 uacuo
324 1212 424 1292 spatio
446 1210 658 1279 indicauimus
680 1230 786 1291 neque
809 1230 937 1290 earum,
963 1230 1043 1292 quas
1064 1210 1201 1274 editores
1214 1229 1291 1291 pro-

206 1300 275 1377 prio
290 1299 387 1359 443443
404 1299 620 1376 433444334334,
638 1298 700 1359 3434
715 1316 885 1360 numerum
901 1298 1110 1360 seruauimus.

292 1382 382 1456 Quod
398 1382 439 1445 ad
454 1382 695 1447 fundamentum
712 1385 857 1446 criticum
873 1384 1002 1463 attinet,
1021 1402 1084 1464 quo
1100 1384 1178 1445 haec
1193 1382 1291 1445 editio

205 1471 334 1532 nititur:
372 1471 464 1549 Legis
484 1470 615 1550 quidem
642 1471 798 1531 Romanae
819 1471 1066 1550 Wisigotharum
1094 1489 1165 1532 oum
1194 1469 1291 1532 editio

205 1565 359 1636 apparatu
374 1557 482 1618 3444433
498 1557 652 1617 4334444343
662 1574 724 1617 333
741 1566 837 1634 extet,
856 1556 896 1618 ad
913 1557 997 1619 hunc
1013 1554 1172 1618 deiectum
1189 1574 1292 1617 43433-

204 1641 348 1705 nendum
362 1662 404 1704 ne
426 1643 480 1704 illa
495 1642 626 1723 quidem
647 1643 792 1723 supellex
807 1644 916 1704 critica
939 1641 1072 1722 suflicit,
1097 1662 1192 1724 quam
1208 1643 1291 1703 Hae-

206 1729 257 1790 nel
273 1728 314 1790 ad
324 1727 469 1791 Arndtsii
482 1727 656 1791 editionem
671 1730 827 1809 congessit
837 1729 873 1809 ¹),
892 1729 925 1789 in
937 1747 999 1808 qua
1010 1737 1056 1791 tot
1067 1747 1194 1791 errores
1205 1747 1292 1791 com-

207 1817 294 1876 missi
310 1825 342 1876 et
356 1824 402 1877 tot
417 1815 567 1877 lectiones
579 1814 620 1876 ab
631 1813 774 1877 Arndtsii
786 1824 877 1895 textu
888 1816 1049 1877 uariantes
1059 1816 1192 1877 omissae
1204 1824 1289 1891 sunt,

206 1911 242 1962 ut
253 1900 292 1962 de
305 1900 367 1963 fide
379 1902 448 1963 eius
459 1901 666 1981 supellectilis
677 1920 789 1983 parum
803 1910 933 1963 constet.
957 1903 1064 1982 itaque
1076 1901 1116 1963 ad
1128 1902 1210 1963 hanc
1222 1899 1293 1964 cdi-

206 1988 301 2048 tionis
315 1997 439 2066 partem
454 2006 572 2049 nouum
588 1985 832 2052 fundamentum
848 1987 1026 2048 iaciendum
1043 1997 1121 2049 3434.
1157 1996 1189 2050 34
1204 1996 1292 2068 post-

207 2090 302 2150 quam
310 2071 1001 2151 CodicisTheodosianiEpitomaWisigothica
1015 2073 1145 2135 ednotus
1156 2076 1292 2136 sumLe-

209 2158 256 2236 gis
264 2158 420 2219 Romanae
432 2156 556 2219 codices
565 2159 598 2218 in
606 2155 685 2219 duas
693 2156 994 2241 classcsdiscedere,
1007 2161 1040 2219 in
1050 2177 1183 2238 quarum
1193 2160 1291 2221 altera

208 2241 308 2304 codex
322 2244 517 2304 Monacensis
538 2244 563 2302 D
580 2245 598 2303 2
621 2241 722 2323 (nobis
737 2241 780 2324 M]
800 2244 917 2305 saeculi
939 2242 1006 2306 4343
1021 2245 1074 2305 Vll
1090 2256 1121 2306 34
1142 2255 1245 2306 334343
1261 2255 1293 2304 34

208 2329 390 2408 integritate
405 2330 543 2410 primum
564 2329 666 2391 locum
682 2329 818 2406 obtinet,
844 2330 873 2390 in
891 2330 990 2391 altera
1007 2330 1194 2391 Parisiensis
1210 2330 1291 2390 44443

213 2414 313 2496 (nobis
324 2413 358 2496 1.)
377 2414 496 2477 saeculi
507 2416 572 2476 Vlll
587 2414 641 2478 uel
652 2416 703 2494 lX,
722 2415 763 2477 ad
779 2415 835 2477 hos
851 2416 929 2478 duos
945 2415 1069 2478 codices
1084 2436 1102 2476 a
1117 2434 1167 2477 me
1180 2434 1294 2478 excus-

206 2500 287 2582 33344
307 2502 393 2564 Pauli
404 2502 601 2582 Wisigothici
617 2511 799 2564 contextum
816 2500 883 2563 fere
900 2503 1041 2564 restitui:
1060 2510 1192 2582 apparet
1207 2502 1292 2562 33443

128 2623 137 2639 .
208 2587 347 2668 reliquos
375 2586 499 2649 codices
526 2586 625 2666 {nobis
652 2588 757 2667 dett),
789 2587 846 2650 ubi
868 2587 908 2649 ab
930 2589 993 2650 illis
1015 2587 1106 2650 libris
1133 2588 1294 2668 primariis

208 2674 409 2755 discrepent,
431 2674 593 2735 4344334433
607 2692 721 2736 334343
737 2674 983 2754 wisigothorum
1004 2684 1128 2736 textum
1150 2693 1293 2737 seruasse

209 2770 240 2821 et
260 2761 317 2822 uix
337 2760 434 2822 ullam
456 2779 526 2822 esse
553 2761 718 2822 lectionem
740 2761 773 2822 in
795 2761 846 2822 his
867 2770 1041 2840 seruatam,
1066 2779 1147 2841 quae
1167 2779 1231 2822 non
1254 2781 1294 2822 ex

208 2846 358 2908 mendosa
379 2847 505 2908 illorum
526 2844 660 2908 lec'tione
682 2844 765 2907 facili
789 2848 968 2909 coniectura
995 2847 1120 2909 restitui
1142 2848 1291 2928 potuerit.

208 2934 241 2995 in
263 2932 464 2995 adnotatione
487 2933 595 2993 critica
610 2932 736 3014 plenam
756 2931 899 2994 codicum
915 2936 951 2995 44
962 2942 992 2994 34
1007 2935 1032 2995 L
1047 2931 1293 3014 discrepantiam

208 3038 272 3080 non
287 3018 427 3097 exhibui,
447 3019 567 3099 quippe
583 3037 665 3098 quae
680 3038 743 3080 non
760 3020 793 3079 in
809 3019 894 3080 Pauli
911 3019 969 3081 sed
986 3020 1019 3079 in
1034 3020 1125 3101 Legis
1135 3020 1293 3082 Romanae

209 3105 346 3167 editione
357 3104 575 3167 desideretur:
594 3104 750 3186 adscripsi
762 3115 867 3167 tamen
882 3106 989 3168 uarias
1004 3105 1155 3168 lectiones
1169 3105 1209 3169 ad
1225 3127 1293 3168 om-

207 3210 264 3252 nes
278 3210 330 3253 eos
340 3191 434 3270 locos,
454 3191 486 3253 in
499 3189 617 3270 quibus
627 3190 668 3252 ab
679 3192 850 3271 utriusque
861 3191 978 3253 codicis
989 3190 1158 3253 traditione
1174 3194 1293 3256 recessi

207 3287 238 3337 et
260 3278 438 3357 singulares
459 3277 695 3340 alteriusutrius
718 3276 834 3338 codicis
856 3279 1009 3341 lectiones
1030 3297 1101 3358 eas,
1125 3296 1207 3358 quae
1221 3280 1293 3341 ueri

206 3363 312 3443 aliqua
328 3365 433 3442 specie
448 3363 507 3424 niti
523 3363 721 3425 uiderentur.

293 3449 410 3510 Earum
427 3458 534 3510 autem
555 3450 804 3526 sententiarum,
829 3467 911 3530 quae
929 3450 1091 3530 Epitomae
1114 3468 1154 3511 ex
1170 3450 1293 3530 integro

213 3622 260 3634 ΛΛΙΧ
640 3620 1141 3635 κΝνκΛῆΛΛΛΛΛΛΛΛΛΛΛΛΑΛ-Νννννωινννν
1157 3622 1195 3633 ι·..,«
1204 3622 1208 3629 x
1221 3624 1225 3631 x
1240 3620 1282 3633 ww

278 3739 294 3805 ¹)
314 3741 438 3792 Varietas
456 3743 606 3806 scripturae
625 3755 658 3792 ex
675 3740 760 3791 Paulli
778 3755 793 3792 a
811 3741 958 3805 visigothis
976 3742 1115 3806 epitomati
1134 3739 1288 3790 codicibus:

206 3809 316 3874 collegit
333 3811 468 3861 Gustavns
481 3809 592 3860 llaenel.
612 3810 723 3861 Bonnae
736 3812 803 3860 4844
825 3809 868 3874 (ci.
884 3811 989 3875 Corpus
1001 3811 1070 3861 iuris
1083 3810 1194 3859 Romani
1207 3809 1292 3859 4343-

205 3880 345 3931 iustiniani
356 3880 500 3930 Bonnense
511 3879 522 3928 l
534 3891 562 3943 p.
575 3881 623 3928 444
634 3879 717 3943 333,).

274 3946 293 4012 ²)
315 3948 442 4000 Codicem
462 3948 643 3998 Parisiensem
660 3950 727 3998 4444
747 3950 800 3998 iam
820 3948 886 3999 olim
905 3948 1040 3998 443344333
1057 3945 1224 4009 4433334344),
1244 3948 1290 4012 qni

205 4020 262 4067 tum
282 4018 357 4068 Pauli
375 4017 524 4068 editionem
541 4015 670 4082 parabat,
695 4018 848 4068 contulerat
864 4029 979 4079 eamque
998 4016 1172 4066 collationem
1191 4016 1290 4068 edendi

206 4085 319 4137 consilio
342 4086 466 4151 deposito
490 4087 562 4136 ultro
583 4086 651 4136 mihi
669 4085 779 4137 obtulit:
806 4100 859 4151 qua
878 4088 905 4136 43
925 4084 1021 4135 codice
1038 4083 1129 4134 denuo
1147 4086 1290 4137 tractando

205 4157 306 4219 optime
317 4155 427 4207 adiutus
438 4168 510 4206 sum.
