3010 4738
615 371 701 381 ---
748 339 807 399 lale
852 372 937 382 -—

255 575 516 638 FRAGMENTVM
532 577 768 639 REGVLARVM
786 578 942 671 lNCERTl
957 575 1147 640 AVCTORIS
1163 579 1298 639 INTER-

441 680 708 742 PRETAMENTIS
723 680 904 741 DOSlTHEl
920 681 1113 742 lNSEitTvll

364 823 518 880 Dositheus
540 824 675 893 magister
691 824 956 893 Interpretamentis
976 822 1045 878 artis
1059 825 1270 893 grammaticae,

279 924 367 979 quam
388 924 462 965 anno
487 913 545 967 207
571 911 742 980 composuit,
768 910 957 979 fragmentum
980 909 1093 965 iuridici
1116 912 1275 979 argumenti

278 996 410 1062 inseruit,
435 1011 494 1066 quo
516 996 628 1051 initium
651 996 716 1052 libri
735 996 885 1051 cuiusdam
900 995 1066 1066 regularum
1082 995 1179 1051 Latine
1194 1011 1276 1052 com·

278 1081 363 1150 positi
386 1081 453 1138 olim
475 1083 609 1137 effectum
632 1081 720 1138 luisse
744 1088 773 1137 et
794 1080 885 1137 uerba
907 1078 954 1153 §3
979 1081 1093 1153 regulas
1115 1085 1276 1155 assequenti

278 1169 348 1223 milti
369 1166 495 1224 indicant
517 1176 545 1223 et
567 1169 630 1238 ipsa
653 1168 749 1238 operis
772 1168 808 1223 ad
823 1168 902 1238 quod
918 1168 1108 1238 fragmentum
1123 1168 1190 1223 olim
1205 1182 1275 1237 per-

278 1254 362 1309 tinuit
377 1253 489 1309 indoles
504 1254 628 1310 suadere
643 1254 772 1310 uidetur.

366 1340 520 1396 Dositheus
535 1341 632 1396 Latino
648 1341 974 1410 Interpretamentorum
995 1340 1142 1396 contextui
1160 1341 1275 1396 uersic-

278 1442 345 1481 nem
361 1425 500 1482 Graecam
522 1442 553 1481 se
576 1427 719 1482 addidisse
742 1432 874 1495 testatur,
900 1431 987 1496 atque
1009 1427 1179 1482 uniuersum
1201 1441 1275 1495 opus

278 1505 404 1567 Latinam
419 1512 545 1582 linguam
561 1511 757 1569 ediscentibus
772 1512 935 1568 destinauit.
973 1518 1074 1582 postea
1090 1518 1186 1567 autem
1201 1512 1230 1567 id
1245 1512 1274 1566 in

280 1614 364 1654 usum
379 1614 481 1654 eorum
496 1600 546 1670 qui
562 1598 672 1656 Graece
688 1599 862 1656 docerentur
877 1598 998 1654 cessisse
1013 1613 1109 1668 neque
1121 1597 1274 1654 Dosithea-

279 1700 382 1741 norum
397 1685 722 1756 iuterpretameutorum
744 1686 942 1741 recensionem
964 1684 999 1739 ad
1023 1700 1076 1739 nos
1091 1685 1270 1755 peruenisse,
1307 1680 1310 1683 ’

278 1770 330 1826 sed
353 1770 427 1826 hanc
449 1773 545 1843 operis
567 1779 679 1841 partem
702 1772 762 1827 lere
781 1787 886 1827 nouam
903 1771 1004 1827 laciem
1019 1770 1146 1827 induisse
1162 1787 1196 1824 ex
1213 1772 1273 1841 ipsa
1295 1773 1302 1789 ²

279 1858 602 1927 interpretamentorum
627 1858 723 1928 qualia
749 1858 903 1913 traduntur
928 1857 1095 1913 condicione
1120 1862 1275 1913 consenta-

280 1958 368 1997 neum
390 1949 444 1998 est.
485 1944 588 1998 menda
604 1945 679 1999 enim
696 1946 724 1998 iu
739 1942 864 2013 utroque
891 1938 928 2017 (id
945 1951 988 1998 est
1003 1944 1032 1997 iu
1048 1943 1158 1999 Graeco
1174 1949 1203 1998 et
1218 1944 1274 1998 La·

279 2021 348 2102 lino)
375 2033 456 2082 textu
478 2028 564 2084 obuia
587 2029 662 2085 lacta
683 2028 822 2100 pleraque
844 2044 902 2084 non
925 2029 990 2083 talia
1011 2034 1087 2098 sunt,
1114 2029 1209 2099 qualia
1224 2035 1274 2085 aut

277 2112 460 2169 librariorum
490 2115 620 2171 socordia
651 2122 701 2171 aut
730 2115 804 2170 male
830 2114 981 2170 doctorum
1007 2115 1274 2185 interpolationibus

277 2206 448 2268 nascuntur,
474 2200 525 2255 sed
549 2202 645 2270 potius
667 2216 825 2271 puerorum
840 2200 984 2270 ingenium
1001 2199 1137 2271 produnt,
1164 2201 1214 2270 qui
1230 2201 1273 2256 al-

278 2286 368 2340 terius
390 2286 503 2356 linguae
520 2293 685 2343 contextum
701 2286 735 2341 ad
753 2286 844 2342 uerba
859 2286 1000 2341 uertendo
1015 2289 1052 2341 ita
1068 2285 1157 2341 altera
1173 2285 1273 2342 reddi-

277 2371 372 2427 derint
388 2379 417 2428 et
431 2374 634 2442 expresserint,
657 2378 690 2428 ut
704 2374 795 2443 ipsam
810 2373 906 2443 operis
922 2372 1092 2427 sententiam
1107 2371 1271 2441 intellegere

269 2465 306 2529 et
321 2459 359 2513 ita
374 2465 406 2514 ut
420 2464 485 2530 apte
501 2458 625 2529 intellegi
640 2465 739 2531 posset
755 2464 869 2515 uertere
884 2458 1000 2513 minime
1015 2462 1161 2514 curarent.

363 2540 564 2614 Fragmentum
581 2545 647 2602 illud
664 2545 777 2601 iuridici
788 2545 958 2615 argumenti,
977 2545 1013 2599 de
1026 2559 1084 2614 quo
1096 2559 1184 2614 supra
1196 2543 1271 2599 dixi-

277 2646 352 2698 mus,
379 2630 436 2686 duo
460 2631 574 2687 codices
596 2633 625 2686 iu
648 2631 821 2688 bibliotheca
845 2631 1120 2702 Lugduno-Bataua
1143 2635 1271 2685 extantes

276 2716 407 2772 tradunt:
426 2717 508 2785 alter,
531 2718 581 2787 qui
596 2733 750 2773 numerum
768 2723 804 2774 80
824 2718 887 2787 lert,
908 2717 1025 2774 saeculo
1041 2716 1080 2770 lX
1095 2716 1142 2771 uel
1159 2717 1189 2770 X*
1207 2709 1272 2790 (no-

277 2800 321 2857 bis
341 2796 391 2877 V),
417 2803 498 2871 alter,
525 2805 574 2874 qui
592 2800 725 2875 omittit§
746 2809 770 2873 l,
798 2819 918 2860 numero
936 2807 969 2860 fil
990 2804 1109 2872 insignis
1129 2796 1222 2878 (nobis
1236 2797 1266 2877 S)

276 2888 391 2961 losepbi
414 2888 548 2960 Scaligeri
577 2906 664 2944 manu
694 2891 818 2959 scriptus
841 2895 895 2945 est.
938 2889 994 2946 hoc
1016 2895 1114 2944 autem
1136 2888 1272 2959 Scaligeri

275 2975 474 3045 apographum
496 2976 673 3048 descriptum
688 2982 731 3031 est
746 2983 795 3032 aut
810 2992 845 3031 ex
861 2981 923 3047 lpso
939 2975 1048 3031 Claudii
1064 2976 1182 3031 Puteani
1197 2973 1271 3031 libro

275 3077 364 3116 mauu
384 3063 502 3133 scripto,
534 3079 570 3117 ex
592 3077 650 3132 quo
673 3063 774 3118 Petrus
796 3061 932 3118 Pithoeus
954 3062 1085 3117 Latinum
1106 3068 1272 3117 contextum

275 3147 342 3203 inde
365 3145 444 3219 a§2
463 3148 551 3203 edidit
561 3142 596 3223 ¹),
623 3155 672 3203 aut
696 3164 729 3203 ex
752 3149 895 3205 simillimo
904 3141 942 3221 2).
989 3147 1035 3203 hic
1057 3148 1175 3203 Puteani
1199 3145 1273 3203 liber

275 3233 396 3290 sortasse
418 3233 495 3289 idem
518 3239 562 3289 est
583 3239 670 3304 atque
693 3235 785 3290 codex
807 3235 972 3302 Paris-iensis
988 3234 1079 3289 Latin.
1100 3238 1180 3291 65⁰3
1205 3249 1271 3288 sae-

275 3320 332 3374 culi
347 3320 375 3373 X
391 3320 438 3375 uel
453 3314 523 3396 xll)
556 3313 650 3397 (nobis
664 3314 708 3395 P),
734 3322 764 3376 in
785 3323 869 3377 cuius
892 3321 958 3376 lolio
981 3321 1074 3390 primo
1090 3320 1193 3390 legitur
1207 3321 1266 3375 luc.

274 3405 393 3460 Pctccni
408 3406 449 3461 ct.
467 3407 530 3479 fii:
556 3407 635 3476 quod
657 3412 751 3462 tamen
768 3421 821 3476 pro
837 3415 916 3462 cerlo
932 3406 1076 3462 affirmare
1091 3420 1149 3461 nou
1164 3405 1265 3474 ausim,

230 3535 611 3550 mnmev-Jxsvvvvvwvvvwvvwv
804 3536 1214 3552 wwvvvvwvvvvvvvwvvwmmw
1223 3537 1307 3548 mvvxm

300 3603 316 3664 ¹)
339 3605 497 3667 Fragmenta
515 3606 649 3669 quaedam
668 3607 808 3670 Papiniani
822 3607 897 3657 Pauli
910 3607 1017 3672 leiaui
1031 3606 1088 3656 Gaii
1102 3603 1245 3655 Modestini
1258 3607 1310 3655 etc.

230 3687 264 3723 ex
276 3672 441 3723 bibliotheca
454 3675 481 3723 P.
498 3675 609 3724 Pithoei.
630 3675 751 3725 Lutetiae
764 3678 828 3724 itit
841 3689 868 3739 p.
884 3679 931 3725 tlt
943 3690 1002 3740 sqq.

299 3739 317 3805 ἲ)
339 3742 540 3793 habitationem
559 3743 625 3792 mihi
638 3745 809 3807 potissimum
823 3745 1005 3810 discrepantia
1018 3746 1044 3793 in
1058 3741 1070 3807 ᾗ
1084 3747 1115 3791 ll
1129 3741 1211 3792 obuia
1223 3743 1310 3802 inicit,

229 3810 277 3938 {mi
291 3813 319 3860 in
334 3811 353 3861 S
365 3812 463 3874 legitur
481 3828 566 3878 μεντοι
576 3808 705 3879 caduppa>
717 3811 836 3874 κτιζεται,
856 3814 929 3878 apud
942 3813 1082 3863 Pithoeum
1101 3809 1133 3879 δη
1145 3805 1313 3880 subopprim-

243 3896 304 3930 εται,

298 3947 316 4012 ³)
340 3949 388 4000 llis
405 3950 522 4000 saeculis
540 3963 603 3999 eum
621 3949 717 3999 tribuit
734 3951 776 4000 Fr.
791 3951 878 4000 Haase
896 3950 969 4014 apud
982 3949 1185 4012 Boeclringium‚
1205 3949 1312 4013 leiani

229 4016 379 4081 fragmenta
392 4019 435 4069 ed.
451 4020 486 4069 lV
499 4020 605 4084 Lipsiae
618 4022 684 4068 4855
697 4033 724 4084 p.
740 4023 803 4069 ⁴58:
826 4019 927 4070 saeculi
940 4020 999 4068 Vlll
1010 4019 1056 4068 uel
1070 4019 1107 4068 lll
1125 4017 1243 4068 eundem
1262 4031 1312 4068 co-

230 4086 320 4137 dicem
340 4101 400 4138 esse
417 4087 477 4138 uult
494 4089 524 4140 Α.
538 4087 697 4150 Boucherie,
717 4089 829 4138 Notices
847 4092 874 4137 et
892 4088 1001 4138 extraits
1016 4087 1065 4139 des
1078 4100 1143 4138 mss.
1157 4087 1192 4137 de
1204 4087 1230 4138 la
1241 4086 1310 4138 bibl.

230 4156 366 4206 nationale
377 4159 427 4207 etc.
441 4160 507 4207 tom.
521 4157 617 4209 xxiii,
638 4159 713 4207 Paris
727 4161 791 4207 tata
805 4171 831 4221 p.
845 4159 904 4206 295.
