3010 4738
570 383 653 396 -.
702 350 762 411 109
807 383 891 395 -
1063 349 1138 400 Paul.
1152 350 1185 412 V,
1200 354 1273 401 tm

186 536 271 598 *uim
286 554 363 598 uero
375 546 534 599 extortum
550 557 621 599 cum
633 556 733 619 poena
749 539 835 618 tripli
852 539 1044 600 restituitur:
1063 539 1198 620 amplius
1213 558 1272 601 ex-

187 623 253 684 *tra
275 622 421 684 ordinem
442 624 641 705 plectuntur:
666 625 801 685 alterum
818 626 901 685 enim
923 625 1043 687 utilitas
1057 627 1267 705 priuatorum,

150 710 168 770 7
187 707 342 771 *alterum
357 710 449 790 uigor
469 709 615 790 publicae
631 709 817 790 disciplinae
833 710 981 791 postulat.
1028 711 1143 772 Earum
1160 724 1269 774 rerum

185 795 356 875 *uectigal,
383 814 517 876 quarum
540 815 714 876 numquam
738 798 925 877 praestitum
947 803 1010 874 est,
1035 797 1189 875 praestari
1204 817 1268 859 non

185 882 317 962 *potest
364 881 449 962 quod
470 884 496 943 si
510 883 667 962 praestari
682 891 867 943 consuetum
888 881 1086 961 indiligentia
1107 882 1266 962 publicani
1287 898 1304 942 e

148 973 166 1026 8
184 966 361 1046 *omiserat,
379 968 461 1030 alius
475 987 624 1030 exercere
640 987 703 1029 non
718 968 917 1048 prohibetur.
964 969 1025 1029 Res
1040 969 1194 1030 exercitui
1208 989 1267 1049 pa·
1344 1000 1353 1017 ·

147 1058 165 1115 9
184 1053 287 1116 *ratas
301 1056 506 1134 praestationi
521 1054 724 1134 uectigalium
739 1053 840 1115 subici
856 1074 918 1115 non
934 1055 1065 1134 placuit.
1103 1054 1211 1116 Fiscus
1225 1055 1266 1116 ab

184 1140 343 1201 *omnium
365 1141 566 1220 uectigalium
581 1140 848 1221 praestationibus
870 1141 1019 1201 immunis
1038 1150 1097 1201 est.
1144 1158 1266 1202 merca-

184 1226 286 1287 *tores
307 1236 432 1306 autem,
456 1228 511 1307 qui
534 1226 574 1288 de
595 1225 702 1288 lundis
723 1226 882 1288 fiscalibus
903 1227 1037 1287 mercari
1059 1237 1261 1305 consuerunt,

183 1312 321 1374 *nullam
344 1314 575 1374 immunitatem
605 1312 749 1374 soluendi
770 1312 890 1393 publici
919 1311 1083 1391 uectigalis
1107 1327 1320 1393 usurparem

125 1402 164 1463 ld
182 1397 344 1479 *possunt
388 1399 494 1460 Cotem
510 1397 593 1460 ierro
609 1397 785 1479 subigendo
799 1401 1009 1461 necessariam
1026 1398 1168 1461 hostibus
1184 1418 1265 1478 quo-

182 1483 264 1564 *que
278 1484 486 1563 uenumdari,
504 1494 539 1547 ut
555 1482 674 1546 ferrum
690 1494 722 1547 et
737 1484 931 1547 frumentum
946 1493 978 1545 et
993 1484 1091 1563 sales,
1115 1502 1177 1544 non
1194 1486 1263 1547 sine

128 1574 159 1632 tl
182 1570 342 1651 *periculo
364 1572 476 1652 capitis
497 1572 580 1632 licet.
627 1569 700 1651 Agri
722 1571 858 1652 publici,
883 1572 987 1651 quiin
1010 1579 1201 1651 perpetuum
1216 1571 1264 1632 lo-

183 1654 330 1735 *cantur,
354 1676 372 1718 a
393 1667 537 1719 curatore
558 1659 626 1719 sine
648 1660 832 1720 auctoritate
852 1657 1021 1739 principali
1038 1658 1178 1718 reuocari
1200 1676 1263 1718 non

124 1746 163 1807 42
181 1741 343 1823 *possunt
389 1744 541 1805 Dominus
562 1745 654 1806 nauis
670 1745 695 1805 si
712 1744 820 1805 illicite
835 1742 958 1823 aliquid
981 1744 1012 1805 iu
1028 1761 1111 1804 naue
1125 1742 1179 1805 uel
1193 1744 1263 1824 ipse
1283 1757 1319 1801 ts

182 1826 253 1890 *uel
274 1838 419 1891 uectores
448 1831 672 1911 imposuerint,
706 1832 798 1891 nauis
820 1849 946 1909 quoque
972 1830 1045 1890 fisco
1067 1828 1260 1891 uindicatur.

181 1914 284 1994 *quod
306 1916 331 1976 si
354 1914 486 1978 absente
501 1915 628 1977 domino
647 1915 702 1998 [id]
721 1937 738 1977 a
754 1918 902 1996 magistro
917 1917 969 1977 uel
984 1915 1194 1995 gubernatore
1209 1926 1264 1977 aut

181 1998 324 2081 *proreta
335 2011 471 2064 nautaue
480 2003 586 2082 aliquo
599 2001 631 2063 id
642 2001 758 2065 iactum
770 2004 821 2080 sit,
837 2003 897 2082 ipsi
910 2001 1040 2081 quidem
1051 2004 1154 2082 capite
1165 2003 1264 2079 puni-

180 2087 296 2149 *untur
316 2090 489 2149 commissis
505 2087 673 2167 mercibus,
697 2090 789 2149 nauis
804 2097 908 2149 autem
930 2086 1056 2148 domino
1071 2088 1259 2150 restituitur.

123 2176 160 2236 43
180 2173 381 2235 *lllicitarum
411 2174 563 2237 mercium
593 2175 771 2255 persecutio
800 2173 950 2234 heredem
974 2191 1101 2253 quoque
1126 2173 1257 2254 adfligit.
1281 2188 1318 2232 ao

123 2263 160 2322 ll
180 2256 275 2321 *llam
291 2279 370 2338 rem,
390 2278 470 2339 quae
486 2261 648 2321 commisso
664 2258 823 2321 uindicata
839 2269 896 2335 est,
916 2258 1062 2320 dominus
1078 2278 1183 2320 emere
1198 2279 1262 2320 nou

180 2345 386 2425 *prohibetur
401 2347 452 2408 uel
467 2366 525 2427 per
544 2365 578 2407 se
594 2346 645 2408 uel
667 2365 726 2426 per
746 2346 822 2407 alios
838 2343 955 2425 quibus
976 2346 1035 2406 boc
1049 2343 1259 2407 mandauerit.

123 2435 161 2493 lb
180 2431 259 2503 *Qui
285 2433 437 2494 maximos
462 2431 583 2493 fructus
608 2451 649 2493 ex
674 2431 892 2512 redemptione
921 2431 1123 2511 uectigalium
1150 2450 1263 2492 conse-

178 2516 356 2597 *quuntur,
381 2521 406 2579 si
429 2528 537 2599 postea
558 2527 645 2579 tanto
659 2519 753 2579 locari
769 2537 831 2579 non
847 2527 997 2598 possunt,
1016 2517 1077 2597 ipsi
1093 2535 1129 2578 ea
1143 2518 1259 2598 priori-

178 2603 258 2666 *bus
273 2603 481 2686 pensionibus
496 2604 656 2685 suscipere
672 2603 938 2684 compelluntur*
1279 2615 1316 2661 as

558 2790 590 2872 [11
633 2811 671 2853 nn
693 2790 883 2873 rsvmrroun]

144 2916 154 2974 l
265 2912 495 2974 Possessionem
520 2910 719 2992 adquirimus
741 2921 771 2973 et
797 2912 901 2972 animo
923 2918 955 2973 et
976 2929 1123 2992 corpore:
1156 2914 1260 2974 animo

178 3001 289 3079 utique
304 3008 422 3077 nostro,
441 3017 570 3079 corpore
585 2999 639 3061 uel
653 3009 760 3060 nostro
774 2999 828 3059 uel
843 2998 958 3058 alieno.
983 2997 1039 3058 sed
1055 2997 1141 3060 nudo
1155 3000 1260 3060 animo

179 3084 312 3165 adipisci
328 3084 458 3165 quidem
472 3086 703 3166 possessionem
719 3104 782 3145 non
796 3103 979 3164 possumus,
999 3086 1138 3146 retinere
1153 3094 1259 3147 tamen

178 3171 263 3232 nudo
278 3173 382 3232 animo
396 3189 581 3251 possumus,
607 3173 688 3233 sicut
703 3173 736 3232 in
751 3170 885 3232 saltibus
905 3169 1048 3232 hibernis
1063 3172 1259 3252 aestiuisque
1279 3185 1315 3229 ao

141 3262 159 3321 2
178 3258 341 3337 contingit.
374 3258 432 3317 Per
447 3256 562 3318 liberas
577 3275 738 3337 personas,
758 3275 839 3337 quae
856 3258 888 3317 in
904 3264 1057 3336 potestate
1073 3267 1180 3319 nostra
1195 3277 1258 3319 non

179 3352 266 3420 sunt,
291 3342 418 3422 adquiri
440 3342 531 3404 nobis
546 3344 625 3404 nibil
641 3353 754 3424 potest.
801 3341 858 3403 sed
873 3361 932 3423 per
946 3353 1179 3424 procuratorem
1195 3342 1258 3404 ad-

178 3431 263 3509 quiri
278 3427 370 3490 uobis
390 3430 621 3509 possessionem
636 3447 728 3509 posse
740 3428 884 3490 utilitatis
907 3446 999 3491 causa
1017 3440 1180 3509 receptum
1197 3439 1255 3491 est.

176 3632 624 3648 Mvavvvvawvwvvvvwvvwv
628 3632 780 3645 »suvvvvvvvxs
785 3632 829 3643 νυν
833 3634 840 3644 s
847 3634 1252 3648 mmmmm

248 3741 289 3799 tt,
303 3741 368 3787 6-9
382 3758 414 3782 =
428 3738 487 3800 Dio.
503 3739 544 3796 at,
560 3739 614 3798 ¹⁹2⁹
656 3738 666 3800 ΙΙ
709 3741 750 3799 le,
767 3741 866 3787 to-tt
881 3758 912 3781 =
926 3739 985 3801 Dio.
1002 3741 1044 3798 39,
1060 3739 1083 3799 t,
1099 3741 1126 3785 tt

572 3890 621 3904 tvm
625 3890 845 3904 ΧΛΙΜΛΛΛΛΛΡΝΧΝ
1070 3892 1095 3903 v»
1099 3891 1255 3907 ΚΙΧΛΛΙΧΙΝΛΝΙΧΙν

246 4032 259 4079 l
276 4030 419 4094 praestari]
432 4028 564 4093 postulari
579 4028 720 4078 Mommsen
749 4028 760 4090 ll
790 4032 817 4076 tt
835 4042 943 4092 quoque
955 4027 1079 4079 hostibus
1089 4030 1231 4080 Mommsen
1248 4028 1264 4097 ll

178 4103 207 4148 lt
226 4100 255 4149 id
268 4101 317 4150 dcl.
333 4100 474 4149 Mommsen
503 4099 514 4160 ΙΙ
542 4101 574 4146 20
594 4097 696 4159 adfligit
710 4096 750 4159 r1,
764 4096 857 4148 adficit
870 4096 901 4145 Fi
929 4097 940 4160 11
976 4101 1007 4146 22
1025 4101 1146 4163 perlpre
1161 4098 1199 4161 1²¹)
1216 4099 1256 4164 se]

175 4181 225 4232 per
236 4181 287 4219 nos
299 4169 343 4218 uel
356 4182 405 4233 per
417 4181 446 4217 se
460 4166 491 4214 l'l
