3006 4736
301 1413 645 1518 lurisAnteiustiuiani
661 1455 779 1536 sylloge
794 1475 889 1536 quam
904 1457 956 1517 hic
966 1464 1068 1518 tomus
1079 1457 1298 1537 complectitur

216 1544 392 1605 continuari
404 1542 490 1604 uolui
500 1540 687 1603 Gaianarum
699 1542 932 1604 Institutionum
945 1541 1116 1604 editionem
1128 1561 1209 1604 anno
1221 1562 1297 1623 pro-

188 1706 189 1709 *
215 1630 300 1691 ximo
326 1648 343 1691 a
366 1627 521 1690 Guilelmo
544 1626 744 1689 Stademund
773 1647 897 1690 mecum
925 1638 1080 1690 curatam:
1112 1627 1297 1691 absoluetur

216 1724 321 1777 autem
343 1724 407 1777 tota
427 1714 566 1776 collectio
587 1712 741 1776 librorum
763 1708 843 1776 iuris
858 1712 1103 1776 Anteiustiniani
1126 1716 1219 1777 tertio
1241 1718 1295 1794 qui

215 1821 311 1882 quam
332 1803 475 1883 proxime
497 1801 565 1861 fieri
586 1800 703 1881 poterit
718 1799 832 1862 edetur
847 1810 945 1879 tomo,
972 1819 1034 1881 quo
1049 1802 1195 1863 Vaticana
1211 1800 1297 1881 frag-

216 1897 321 1950 menta
338 1897 369 1949 et
386 1887 514 1948 Collatio
531 1885 722 1948 aTbeodoro
733 1889 903 1948 Mommsen
918 1888 1086 1965 recensita,
1106 1887 1296 1949 Consultatio

215 1983 247 2036 et
263 1973 413 2035 Codicum
429 1972 614 2053 Gregoriani
636 1984 668 2034 et
683 1974 926 2053 Hermogeniani
949 1973 1101 2053 reliquiae
1120 1982 1152 2034 et
1165 1972 1297 2054 Appen-

216 2059 304 2121 dices
319 2061 410 2140 Legis
424 2061 580 2120 Romanae
595 2059 841 2138 wisigothorum
863 2078 880 2119 a
896 2077 946 2118 me
963 2061 1141 2139 recognitae
1156 2061 1297 2121 contine·

216 2144 348 2205 buntur.
795 2182 798 2187 -

302 2230 347 2290 De
371 2227 553 2290 condicione
576 2228 822 2307 fragmentorum
839 2247 920 2309 quae
937 2231 995 2290 hoc
1009 2239 1091 2291 tomo
1106 2230 1298 2292 exhibentur

219 2334 289 2377 cum
306 2315 546 2394 exposuerimus
569 2315 602 2374 in
617 2313 866 2393 praefationibus
881 2315 932 2376 uel
947 2314 1201 2378 adnotationibus
1216 2334 1298 2394 quae

218 2401 351 2481 singulis
366 2401 558 2481 praemissae
574 2400 627 2461 uel
642 2399 783 2461 adnexae
800 2411 889 2478 sunt,
908 2403 966 2462 hoc
981 2401 1047 2462 loco
1062 2419 1161 2482 pauca
1176 2403 1208 2462 in
1224 2405 1298 2462 uni-

217 2507 352 2559 uersum
361 2484 595 2568 praemonenda
610 2495 695 2551 sunt.

303 2574 390 2635 Hanc
406 2572 622 2634 collectionem
636 2591 825 2652 quamquam
842 2573 1018 2634 scholarum
1034 2574 1107 2634 usui
1122 2571 1299 2634 destinaui-

218 2679 304 2737 mus,
327 2669 433 2729 tamen
454 2659 548 2739 plena
563 2658 758 2739 supellectile
775 2660 880 2720 critica
896 2659 1105 2720 instruximus
1120 2677 1225 2738 neque
1241 2657 1299 2719 de-

217 2747 302 2807 lectu
323 2745 484 2807 uariarum
505 2745 676 2806 lectionum
699 2745 837 2806 contenti
855 2742 972 2806 luimus
987 2746 1049 2806 nisi
1064 2747 1097 2806 in
1115 2743 1299 2825 fragmentis

219 2851 260 2892 ex
281 2831 351 2893 aliis
372 2830 464 2892 libris
484 2832 609 2911 petitis,
636 2849 770 2910 quorum
792 2831 918 2892 criticae
939 2829 1094 2893 editiones
1109 2831 1161 2893 uel
1177 2840 1307 2912 extant„

218 2918 308 2979 uelut
327 2918 526 2997 Digestorum
549 2917 801 2995 Iustinianorum,
826 2917 878 2978 uel
890 2918 926 2978 in
947 2917 1040 2978 tertio
1061 2928 1143 2978 tomo
1166 2917 1298 2979 exhibe-

217 3003 349 3065 buntur.
390 3012 532 3064 ceterum
552 3012 615 3064 tam
639 3022 678 3064 ex
698 3003 747 3063 his
770 3002 1006 3064 collectionibus
1027 3022 1121 3083 quam
1144 3023 1184 3065 ex
1205 3004 1299 3066 Iusti-

218 3091 312 3150 niana
327 3089 545 3168 compilatione
561 3098 708 3169 excerpta
724 3089 801 3150 iuris
817 3091 937 3169 antiqui
953 3091 986 3150 in
998 3090 1056 3150 hoc
1067 3089 1206 3152 secundo
1217 3099 1299 3151 tomo

217 3195 281 3237 non
301 3174 509 3255 repetiuimus
532 3174 593 3236 nisi
616 3174 656 3236 ad
679 3175 764 3236 Pauli
788 3177 962 3236 sententias
982 3185 1014 3237 et
1035 3176 1159 3256 leiani
1183 3175 1298 3237 librum

219 3262 400 3341 regularum
417 3259 693 3340 redintegrandoS,
713 3269 749 3322 ut
763 3261 910 3322 omnibus
926 3261 1037 3323 horum
1052 3280 1198 3341 operam,
1218 3280 1299 3341 quae

219 3357 250 3409 et
270 3349 338 3427 ipsa
360 3347 493 3409 seorsim
513 3345 628 3408 tradita
655 3355 740 3425 sunt,
765 3346 949 3427 fragmentis
963 3349 1143 3428 compositis
1162 3348 1300 3428 genuina

218 3453 327 3495 eorum
343 3432 440 3495 forma
456 3433 561 3512 aliquo
578 3431 668 3493 modo
684 3442 937 3512 recuperaretur.

305 3521 339 3580 ln
362 3527 510 3580 contextu
526 3517 674 3579 editionis
690 3518 849 3579 inclinatis
864 3519 978 3579 litteris
995 3538 1033 3579 ea
1048 3537 1198 3599 expressa
1213 3526 1296 3595 sunt,

219 3608 251 3667 in
273 3605 391 3686 quibus
411 3605 464 3667 uel
485 3623 503 3665 a
523 3604 638 3666 tradita
658 3604 792 3665 lectione
816 3602 1029 3666 recedendum
1052 3614 1119 3666 erat
1141 3603 1193 3665 uel
1209 3603 1301 3663 lectio

218 3693 285 3773 ipsa
307 3700 437 3773 propter
458 3691 600 3752 mutilam
621 3699 786 3752 contextus
807 3689 1023 3752 condicionem
1040 3687 1210 3771 supplendi
1230 3686 1301 3748 offi-

219 3779 302 3839 cium
317 3776 505 3858 postulabat,
526 3775 559 3837 id
575 3777 670 3838 estin
688 3777 734 3836 eis
749 3777 920 3857 opusculis,
939 3795 1020 3857 quae
1035 3795 1098 3838 uno
1114 3773 1220 3836 codice
1237 3774 1300 3834 solo

219 3873 344 3926 seruata
360 3872 443 3924 suut.
485 3872 580 3942 atque
603 3881 665 3943 quo
684 3860 807 3924 facilius
823 3863 856 3923 in
872 3862 922 3923 his
937 3862 1081 3924 lectionis
1095 3859 1234 3921 hiatibus
1249 3878 1301 3920 co—

219 3949 298 4012 dicis
315 3946 456 4011 condicio
472 3968 512 4009 ex
527 3950 597 4029 ipsa
613 3948 750 4010 editione
767 3959 1016 4028 cognosceretur,
1039 3947 1234 4025 singulorum
1249 3964 1302 4006 co-

219 4035 299 4098 dicis
314 4054 465 4097 uersuum
481 4034 561 4096 fines
576 4035 659 4095 linea
676 4030 698 4115 l,
722 4035 920 4114 paginarum*
932 4034 1009 4094 lines
1032 4032 1125 4093 lineis
1139 4025 1149 4115 ΙΙ
1167 4048 1229 4091 non
1249 4051 1301 4092 se-

219 4141 274 4184 cus
295 4132 390 4202 atque
414 4121 446 4182 in
463 4120 519 4182 Gai
541 4120 678 4182 editione
701 4120 929 4196 iudicauimus,
955 4128 986 4180 et
1007 4117 1064 4180 ubi
1083 4119 1204 4179 hiatum
1226 4119 1301 4179 satis
