3010 4738
615 377 701 391 ..-.
745 343 806 407 119
849 299 972 391 -·
1094 345 1311 407 Paulus—rt

197 532 215 592 3
235 551 306 592 rum
329 533 457 593 nomine
471 532 674 612 promittitur.
722 532 875 605 Quotiens
896 532 1070 597 iudicatum
1085 534 1165 597 solui
1181 535 1316 614 stipula-

234 618 320 687 tione
331 616 513 698 satisdatur,
530 618 644 680 omissa
656 618 726 680 eius
736 618 816 680 actio
833 619 880 680 rei
896 617 1315 701 iudicatae‘persecutioncm

197 706 214 765 l
233 723 297 766 non
313 703 463 766 excludit.
510 705 706 785 Emancipati
728 704 821 766 liberi
836 706 1001 786 praeteriti
1024 706 1049 767 si
1064 706 1167 768 uelint
1181 708 1313 769 miscere

233 809 267 852 se
279 799 431 872 paternae
442 789 611 852 hereditati
624 799 656 852 et
671 809 743 852 cum
754 791 804 852 his
818 792 874 872 qui
887 792 920 852 in
930 799 1083 872 potestate
1095 803 1315 855 remanserunt

233 877 410 938 communis
430 879 530 958 patris
553 875 700 939 diuidere
722 875 949 957 hereditatem,
974 885 1144 958 antequam
1157 877 1347 941 bonorums

231 963 464 1042 possessionem
479 970 605 1044 petant,
625 962 665 1024 de
681 962 873 1025 conferendo
888 981 1002 1026 cauere
1024 982 1097 1025 cum
1111 962 1313 1026 satisdatione

232 1047 406 1112 debebunt.
452 1047 539 1130 quod
557 1050 584 1110 si
599 1048 751 1112 satisdare
766 1068 829 1111 uon
845 1059 986 1130 possunt,
1006 1051 1110 1112 statim
1126 1069 1164 1112 ex
1179 1048 1241 1111 fide
1255 1049 1315 1111 bo-

231 1154 344 1198 norum
366 1133 582 1216 confasionem
598 1144 729 1216 excepto
749 1136 874 1217 peculio
889 1138 1041 1198 castrensi
1063 1134 1166 1198 facere
1182 1134 1314 1216 cogendi

231 1230 317 1283 sunt.

484 1408 513 1493 [x
554 1428 592 1471 nn
616 1429 829 1473 conrnanrrmr
851 1407 1061 1491 urcronrmrn]
1332 1424 1363 1469 4ο

194 1530 206 1588 4
317 1529 365 1591 Oh
381 1538 501 1593 metum
516 1527 731 1610 impendentis
742 1529 850 1592 damni
864 1531 970 1592 uicino
986 1528 1133 1592 satisdari
1145 1527 1241 1591 debet
1256 1526 1314 1592 da·

193 1618 211 1676 2
229 1617 270 1679 tis
286 1614 492 1697 sponsoribus
507 1635 605 1697 super
621 1636 656 1678 eo
672 1615 759 1698 quod
774 1615 881 1679 damni
896 1615 1059 1679 acciderit.
1095 1616 1140 1678 De
1155 1616 1313 1677 communi

230 1703 351 1783 pariete
365 1704 512 1766 utilitatis
528 1721 622 1764 causa
637 1703 696 1764 hoc
710 1705 815 1784 coepit
829 1702 1010 1780 obseruari,
1028 1711 1064 1764 ut
1078 1700 1225 1764 aedificet
1240 1702 1313 1783 qui-

231 1788 319 1866 dem,
346 1790 434 1851 cuius
449 1787 616 1851 aedificare
633 1790 781 1869 interest,
808 1799 936 1870 cogatur
949 1807 1027 1851 uero
1042 1789 1144 1851 socius
1158 1788 1312 1869 portionis

229 1893 304 1937 suae
320 1876 479 1955 impensas
494 1893 676 1955 agnoscere.
1331 1888 1362 1933 44

585 2061 625 2144 [rr
667 2080 706 2122 nn
727 2063 953 2142 nomrrormrs]

194 2182 206 2241 l
316 2181 445 2262 Species
457 2190 546 2243 extra
557 2179 663 2243 dotem
675 2200 693 2243 a
705 2189 804 2243 matre
818 2181 851 2242 in
864 2182 1013 2243 honorem
1025 2183 1207 2263 nuptiarum
1218 2200 1313 2263 prae-

229 2276 319 2329 sente
347 2267 409 2328 filia
433 2286 547 2349 genero
568 2266 703 2330 traditae
725 2266 925 2330 donationem
954 2268 1125 2350 perfecisse
1148 2267 1311 2331 uidentur.

191 2349 373 2416 '2Probatio
395 2352 530 2415 traditae
553 2354 607 2416 uel
635 2373 698 2416 non
719 2352 855 2417 traditae
875 2355 1083 2437 possessionis
1107 2373 1171 2415 non
1193 2363 1257 2415 tam
1279 2354 1312 2414 in

229 2441 299 2503 iure
315 2459 411 2520 quam
422 2440 455 2501 in
471 2439 551 2501 facto
567 2441 724 2503 consistit:
743 2439 878 2521 ideoque
889 2440 1007 2502 sufficit
1022 2440 1063 2503 ad
1078 2437 1309 2522 probationem,
1331 2454 1361 2499 ao

192 2527 209 2586 3
229 2528 256 2588 si
279 2545 347 2588 rem
371 2527 576 2608 corporaliter
596 2535 737 2589 teneant.
784 2528 875 2588 Pater
896 2529 922 2588 si
949 2527 1012 2589 filio
1035 2525 1169 2588 familias
1190 2523 1313 2604 aliquid

229 2611 397 2675 donauerit
419 2614 504 2674 etin
525 2631 562 2674 ea
583 2613 745 2676 uoluntate
768 2632 981 2694 perseuerans
1002 2611 1193 2692 decesserit,
1212 2619 1312 2673 morte

192 2700 209 2758 l
228 2700 329 2779 patris
351 2698 477 2760 donatio
500 2699 702 2761 conualescit.
750 2698 829 2761 Cum
850 2700 948 2762 unius
970 2700 1019 2761 rei
1033 2701 1067 2760 in
1090 2698 1170 2761 duos
1186 2696 1312 2759 donatio

229 2784 405 2864 confertur,
430 2786 534 2866 potior
548 2793 596 2847 est
617 2785 686 2864 ille,
711 2786 762 2847 cui
786 2803 837 2847 res
857 2784 973 2847 tradita
993 2795 1059 2848 est:
1084 2803 1144 2868 nec
1165 2784 1308 2862 interest,

228 2871 384 2951 posterior
411 2873 438 2933 is
464 2889 505 2932 an
533 2872 622 2952 prior
649 2872 823 2952 acceperit,
858 2881 890 2933 et
918 2881 1068 2953 exceptae
1090 2890 1150 2933 nec
1175 2889 1214 2933 ne
1235 2888 1311 2950 per·
1328 2883 1361 2930 44

191 2957 210 3017 5
229 2975 325 3019 sonae
353 2958 429 3019 sint.
473 2958 597 3019 inuitus
619 2955 751 3019 donator
772 2956 813 3019 de
835 2958 992 3019 euietione
1012 2959 1059 3020 rei
1081 2956 1215 3019 donatae
1237 2974 1312 3037 pro-

229 3045 355 3105 mittere
371 3061 434 3105 non
451 3044 589 3123 cogitur,
607 3063 665 3105 nec
681 3063 717 3105 eo
733 3045 875 3123 nomine,
894 3045 920 3105 si
935 3044 1126 3125 promiserit,
1145 3050 1307 3120 oneratur,

229 3131 304 3210 quia
319 3130 495 3192 lucratiuae
516 3132 563 3191 rei
578 3149 741 3212 possessor
760 3129 801 3192 ab
816 3131 983 3193 euiotionis
1004 3130 1126 3192 actione
1148 3131 1217 3211 ipsa
1232 3128 1311 3190 iuris

177 3215 212 3275 ὃ*
228 3217 349 3277 ratione
371 3215 555 3296 depellitur.
601 3216 653 3277 *Si
674 3226 766 3297 pater
780 3217 969 3297 emancipati
991 3216 1048 3277 filii
1069 3216 1197 3278 nomine
1211 3212 1311 3277 dona-

227 3384 748 3402 WVMWWWSſtrWlMMmNVV
753 3386 798 3402 ΝΥ

300 3459 340 3514 44,
355 3459 394 3508 aa.
409 3459 468 3504 e=
482 3458 542 3520 nto.
557 3460 599 3517 so,
615 3459 640 3520 s,
655 3458 687 3505 at

298 3682 312 3729 8
332 3678 520 3729 confusionem
541 3681 694 3741 scripsimus
715 3679 752 3730 od
768 3679 1021 3743 interpretatorem,
1048 3678 1252 3744 conpititionem
1270 3677 1307 3737 ll,
1331 3693 1333 3697 ’

227 3749 462 3813 οοωρο4ὶοηθω4
490 3747 502 3812 ll
531 3752 563 3797 44
582 3749 844 3810 eapeaesrutetcam
854 3747 1114 3800 dedamnoinfecto
1142 3745 1154 3809 ΙΙ
1185 3749 1212 3796 44
1229 3747 1313 3797 satis-

225 3817 294 3869 dare
306 3818 403 3868 codices
432 3817 444 3881 ΙΙ
472 3817 543 3868 datis
556 3817 593 3879 ll,
606 3816 739 3868 additisl.
776 3816 787 3880 ΙΙ
826 3822 856 3868 44
876 3820 906 3868 ut
918 3820 990 3877 dett,
1004 3819 1079 3867 ntea
1092 3817 1129 3875 ll,
1143 3818 1173 3866 ut
1185 3815 1271 3866 hocL
1300 3814 1311 3880 ΙΙ

229 3888 260 3935 44
279 3887 435 3938 cuioodtces
472 3886 484 3950 ΙΙ
523 3890 553 3934 47
573 3898 652 3936 eom.
667 3886 697 3937 Μ
732 3884 744 3949 ΙΙ
780 3889 865 3937 matre
879 3888 915 3947 tl,
929 3886 1037 3951 patr'el
1077 3884 1089 3948 ΙΙ
1131 3889 1162 3934 48
1180 3883 1310 3935 uidentur

227 3956 300 4016 dett,
313 3954 423 4007 uidetur
435 3956 471 4016 Μ,
485 3954 646 4006 uideaturL
674 3954 686 4019 l
717 3958 751 4005 ts
766 3955 812 4006 uel
824 3968 878 4006 non
890 3955 960 4006 trad
973 3967 1023 4004 om.
1038 3953 1068 4004 Μ
1100 3953 1111 4018 [Ι
1150 3956 1178 4003 24
1201 3956 1310 4005 teneant

227 4023 258 4084 t,
271 4025 411 4086 teneatlf,
429 4028 535 4077 teneam
548 4024 733 4075 Rittersltosius
772 4023 784 4087 ΙΙ
822 4028 855 4075 tt
875 4022 984 4074 duobus
996 4024 1094 4074 codices
1134 4022 1145 4087 ΙΙ
1186 4025 1218 4073 tt
1237 4023 1308 4075 isan

227 4093 303 4155 prior
313 4095 415 4155 sertpst,
430 4095 492 4159 quis
503 4107 538 4145 au
550 4094 627 4159 prius
640 4093 677 4156 Μ,
690 4094 798 4159 quisae
811 4094 859 4158 qui
871 4094 978 4158 primus
989 4092 1021 4143 t:
1037 4096 1156 4155 erperae
1168 4093 1246 4143 etiam
1258 4091 1312 4143 do·

226 4162 364 4212 nationem
375 4167 435 4213 onte
447 4163 584 4229 acceperit
