3010 4738
603 361 690 373 -—-
736 329 792 389 151
840 363 926 373 —
1135 331 1237 381 Dosith.
1255 334 1277 379 t.
1293 332 1308 377 t

189 514 200 572 t
310 513 410 576 Omne
423 516 505 575 enim
519 515 637 576 iustum
657 516 741 597 [cum
881 516 974 576 Omae
996 517 1044 577 ius
1065 527 1121 580 aut
1140 519 1230 581 ciuile
1252 539 1308 601 ap-

225 599 305 680 iure]
324 611 379 661 aut
395 601 489 661 ciuile
501 602 677 681 appellatur
687 611 742 662 aut
789 601 927 683 pellatur
948 608 1001 662 aut
1023 606 1177 666 uatarale.
1216 614 1309 667 uatu-

224 687 367 747 naturale
380 685 495 748 dicitur
515 687 577 767 [uel
591 687 737 767 nationis]
792 688 860 749 rale
871 688 984 750 dicitur
995 689 1084 749 etiam
1096 692 1144 753 ius
1154 693 1306 773 peutium:

224 781 278 833 aut
307 773 424 853 gentile
455 773 582 833 iustum.
634 772 740 835 abeo
793 773 832 835 ab
847 793 879 835 eo
895 775 1093 850 uomiuatam,
1114 778 1193 858 quod
1207 796 1307 840 omues

225 860 309 919 enim
325 859 504 919 nominatur
519 869 670 921 etomnes
683 878 741 920 na·
791 868 892 941 peotes
913 860 1052 921 similiter
1071 879 1104 922 eo
1126 871 1305 925 suatusae:
1325 875 1340 920 t

224 946 326 1005 tiones
341 945 488 1005 similiter
504 965 540 1004 eo
556 956 629 1006 sunt
644 964 734 1007 usae:
790 946 869 1027 quod
891 948 970 1006 cuim
991 946 1100 1007 bouum
1125 956 1154 1009 et
1178 967 1307 1030 aequum

224 1030 309 1109 quod
331 1031 416 1092 enim
438 1030 555 1092 bonum
575 1041 606 1092 et
622 1033 739 1093 iustum
791 1040 845 1107 est,
868 1034 1001 1093 omuium
1015 1033 1141 1095 utilitati
1155 1037 1304 1097 eouueait.

224 1126 287 1193 est,
312 1118 452 1178 omnium
473 1117 601 1178 utilitati
623 1137 741 1179 oonue-
791 1120 840 1179 ius
861 1119 949 1180 ciuile
971 1127 1071 1180 autem
1086 1122 1249 1201 proprium
1264 1129 1309 1183 est

224 1204 282 1263 nit.
326 1203 382 1282 [se]
401 1201 486 1282 quod
500 1212 604 1265 auum
621 1205 740 1266 iustum
791 1205 905 1265 ciuium
916 1207 1130 1281 Romanorum,
1148 1206 1186 1266 ab
1198 1225 1230 1267 eo
1242 1206 1307 1268 dic-

223 1287 375 1369 ciuilelm]
409 1290 572 1369 proprium
602 1299 650 1351 est
683 1289 737 1371 [et]
791 1298 865 1367 tum,
883 1290 1080 1371 quoduostra
1090 1290 1199 1354 ciuitas
1211 1312 1303 1354 eo...
1325 1304 1356 1348 ⁴0

224 1393 423 1436 romanorum
441 1385 473 1437 et
487 1374 528 1436 ab
543 1377 590 1436 eis
605 1374 737 1456 dietum,
790 1378 898 1438 utitur.
946 1377 999 1438 sed
1021 1378 1146 1457 quidam
1164 1379 1219 1440 hoe
1244 1397 1308 1441 ease

223 1462 370 1542 quoniam
386 1470 493 1522 nostra
508 1462 620 1523 ciuitas
636 1481 670 1523 ea
682 1482 741 1525 ue·
787 1464 988 1544 praedicarit,
1012 1464 1090 1544 quod
1111 1464 1247 1527 omuibus
1262 1467 1308 1527 ci-

223 1550 314 1608 ritate
329 1548 439 1609 utitur.
472 1546 528 1609 sed
541 1547 669 1627 quidam
684 1549 741 1610 hoo
790 1549 880 1611 uibus
898 1550 1098 1629 peculiariter
1120 1559 1178 1612 aut
1197 1553 1310 1613 maiori

224 1652 306 1709 esse,
321 1632 405 1713 quod
417 1653 525 1694 omnes
537 1633 663 1696 niuibus
674 1637 740 1696 suis
787 1637 876 1717 parti
894 1636 1028 1716 eapedit.
1062 1644 1135 1698 suut
1150 1639 1240 1698 etiam
1255 1639 1309 1719 qui

223 1719 409 1800 praedicent
436 1729 491 1781 aut
520 1722 632 1781 maiori
659 1723 742 1802 parti
790 1721 987 1783 tradiderunt
1021 1766 1143 1785 .....
1177 1723 1309 1803 plurimi
1326 1734 1356 1779 ts

223 1805 362 1887 expedit.
402 1815 476 1867 sunt
506 1807 591 1867 enim
622 1808 677 1887 qui
708 1817 740 1869 et
775 1800 892 1870 'autem
910 1826 975 1869 eam
990 1807 1190 1887 definitionem
1203 1812 1306 1870 uerio-

222 1891 424 1954 tradiderunt
440 1893 549 1971 quanti
568 1902 673 1954 tamen
689 1895 740 1955 iu·
790 1912 855 1955 rem
881 1912 945 1956 osse
970 1893 1182 1971 tradiderunt,
1215 1915 1308 1977 quam

222 1981 325 2040 stitiae
360 1997 441 2039 esse.
494 1979 631 2058 plurima
660 1979 741 2040 hano
790 1981 874 2041 initio
890 1980 1038 2042 illicimus.

222 2074 325 2126 autem
345 2063 561 2126 definitionem
581 2066 739 2125 ueriorem

223 2170 292 2211 esse
319 2148 522 2211 tradiderunt
545 2168 626 2230 quae
649 2151 739 2211 initio
1322 2164 1354 2210 so

223 2236 372 2297 diximus.

185 2321 203 2380 2
309 2323 390 2384 luris
413 2322 515 2383 eiuilis
538 2331 573 2383 ut
594 2321 672 2401 quid
693 2323 911 2404 appositieium
928 2323 1121 2403 appellatur,
1148 2343 1189 2384 ex
1203 2323 1306 2402 pluri-

224 2408 283 2470 bus
302 2407 445 2489 partibus
467 2417 598 2470 constat.
640 2408 697 2470 sed
719 2409 955 2470 constitutiones
976 2409 1195 2488 imperatorias
1216 2410 1306 2470 simi-

150 2506 153 2511 ’
223 2497 294 2557 liter
315 2493 544 2556 honorandum.
593 2494 678 2574 quod
700 2504 800 2557 estet
822 2496 974 2574 praetoris
997 2493 1135 2556 edietum
1158 2495 1305 2556 similiter

222 2582 274 2643 uel
290 2580 497 2662 proconsulis,
536 2601 576 2643 ex
592 2600 627 2642 eo
644 2582 727 2641 enim
745 2591 973 2643 consenserunt
987 2580 1187 2662 prudentiam
1204 2590 1235 2642 et
1251 2599 1304 2641 re·
1321 2593 1355 2639 σε»

1247 2710 1300 2723 Am

294 2775 303 2817 t
328 2782 390 2819 cum
404 2771 464 2819 iure
476 2775 500 2819 et
513 2774 526 2818 3
540 2770 584 2820 uel
597 2771 715 2820 nationis
727 2772 820 2820 omittit
837 2767 873 2819 Vg
902 2769 913 2831 ss
949 2773 962 2816 5
982 2769 1139 2819 nominatur
1151 2768 1186 2832 et]
1200 2785 1305 2836 ωνσμσ-

223 2834 329 2905 coaxat
346 2836 385 2888 Vg
425 2839 436 2901 ΙΙ
477 2838 610 2902 nationes]
624 2856 655 2889 τα
667 2835 730 2906 eder]
748 2836 786 2888 V3
826 2838 837 2901 ΙΙ
878 2842 941 2888 9se
956 2838 1029 2902 quod
1042 2838 1107 2901 squ]
1127 2854 1156 2888 τσ
1169 2835 1196 2887 δε
1208 2836 1304 2888 δικσισν

222 2905 353 2957 :alterum
365 2923 452 2974 impios
464 2922 531 2956 εστιν
544 2925 664 2977 papatus
677 2924 721 2958 και
733 2923 782 2958 aaa
794 2923 891 2958 τουτων
904 2922 1035 2974 ειρημενσν
1076 2907 1087 2969 ΙΙ
1134 2911 1162 2956 tt
1185 2909 1305 2958 romanis

227 2978 264 3026 V²
297 2976 308 3039 ss
348 2979 379 3023 ts
398 2990 429 3026 ea
442 2975 567 3039 ueritate]
581 2992 660 3045 ταυση
673 2994 705 3044 τη
719 2972 828 3044 alutem
845 2974 897 3027 VC:
913 2990 945 3026 eo
958 2989 988 3026 re
999 2988 1066 3025 uera
1076 2979 1212 3039 proposuit
1224 2977 1304 3027 Boeo-

222 3045 283 3108 liiup
329 3044 340 3106 ΙΙ
388 3048 419 3094 ts
438 3045 487 3095 sed
498 3045 563 3108 squ]
578 3043 627 3095 αλλ
639 3062 710 3114 ενφοι
725 3043 794 3108 (ἔνιοι
806 3045 868 3106 sor.)
882 3061 957 3096 τουτο
970 3060 1041 3102 errat,
1056 3063 1072 3095 α
1083 3061 1176 3096 russeo
1189 3042 1306 3096 πσλιτσισ

223 3112 295 3164 titolo
317 3110 396 3175 (ἰδίως
409 3114 535 3175 Huschke)
555 3111 719 3184 προλεγσυσιν
736 3131 753 3182 η
773 3112 857 3181 pilam
872 3130 944 3182 μερει
958 3129 1066 3182 συμφερι
1083 3112 1135 3164 Vssz
1154 3114 1187 3178 cf.
1203 3115 1262 3178 Dip.
1279 3119 1303 3174 t,

223 3187 247 3243 t,
261 3186 287 3232 tt
305 3182 379 3247 quod
392 3183 520 3234 omnibus
531 3187 579 3233 aut
590 3184 716 3247 pluribus
729 3186 756 3234 in
770 3197 877 3248 quaque
890 3184 999 3234 ciuitate
1011 3183 1079 3233 utile
1091 3186 1145 3246 est,
1166 3187 1196 3234 ut
1208 3187 1250 3234 est
1261 3185 1305 3233 ius

222 3252 303 3301 ciuile
340 3251 351 3314 ΙΙ
391 3255 421 3301 tt
440 3249 672 3317 maioripartstl
712 3253 723 3317 ΙΙ
765 3256 795 3301 m
815 3255 898 3302 sunt.
915 3289 921 3301 .
938 3289 944 3300 .
962 3251 1075 3315 ttessa]
1094 3267 1306 3322 εισινγσρσικσι

221 3317 363 3388 παρεδοσσν
375 3335 510 3371 υπσστασιν
522 3319 685 3389 δικαιοσυνησ
697 3337 759 3372 errat
776 3318 812 3372 Vg
847 3321 858 3384 11
895 3324 924 3369 tt
944 3323 1039 3385 quenti
1051 3321 1152 3384 tamen]
1169 3333 1304 3371 summam

223 3391 258 3438 M.
278 3391 349 3452 Voipt
367 3389 410 3437 tus
427 3392 550 3440 naturate
569 3394 620 3452 tp.
637 3394 703 3452 oto,
721 3396 750 3440 ut
767 3391 828 3440 otim
846 3389 962 3440 Graeom
978 3393 1107 3452 interpres
1124 3402 1259 3440 summam
1276 3392 1305 3439 iu

222 3455 350 3523 ποσότητα
360 3460 477 3516 uerterit,
497 3460 588 3508 deiude
599 3461 645 3509 too
657 3461 748 3510 Latiae
758 3473 807 3519 por
824 3460 1003 3522 quantitatem
1021 3461 1151 3509 redditum
1167 3460 1201 3507 sit
1217 3463 1242 3508 ot
1259 3458 1305 3507 troc

221 3528 327 3576 saltada
335 3538 385 3587 per
398 3525 528 3576 &aecum
538 3523 674 3578 ὑπόστασιν
703 3528 714 3591 11
745 3531 776 3576 te
789 3528 907 3591 plurima
918 3527 988 3578 hane
999 3527 1100 3590 autem]
1114 3523 1206 3577 πλισνσ
1216 3541 1305 3576 τουτον

222 3594 249 3645 δε
267 3592 304 3645 Vg
344 3592 356 3657 11
396 3597 427 3643 2⁰
447 3597 565 3658 quaein.
579 3596 647 3659 diu]
667 3611 714 3646 ooa
731 3612 758 3646 εν
775 3613 808 3664 τη
826 3593 1063 3666 σρχηειστσιμεσῑ]Ε
1097 3596 1109 3659 11
1145 3599 1176 3644 22
1194 3595 1305 3658 utquid

221 3678 281 3729 app.
297 3678 334 3713 εισ
346 3679 371 3712 τι
381 3659 553 3731 menippeum
568 3665 618 3724 SP‚
632 3666 720 3715 omV
745 3666 756 3728 ΙΙ
786 3680 819 3716 ex
833 3666 882 3726 SP,
897 3667 944 3729 qui
957 3679 991 3715 ex
1002 3679 1039 3714 aa
1051 3665 1119 3714 euV
1144 3664 1155 3728 ΙΙ
1190 3667 1222 3713 28
1237 3677 1305 3713 oon·

221 3735 273 3783 stat
284 3747 432 3799 συνεστηκει
444 3732 494 3794 SP,
509 3736 633 3785 coustant
645 3749 794 3803 moveorque
811 3736 832 3785 V
857 3734 869 3797 ΙΙ
899 3735 1105 3785 constitutiones
1116 3734 1306 3798 imperatorias

224 3803 285 3865 (·ris
298 3802 324 3860 St
346 3798 456 3860 διστσξισ
468 3816 670 3871 συτσσιρστορικη
684 3803 734 3863 SP,
751 3804 841 3854 edictu
853 3804 1027 3868 imperatoria
1040 3798 1164 3860 διαταξεισ
1177 3817 1305 3870 συτσκρσ·

220 3887 320 3939 τσρικσι
333 3872 354 3921 V
391 3870 402 3934 ΙΙ
445 3872 476 3919 st
489 3869 681 3922 honorandum
692 3889 812 3940 τιμητεσν
826 3872 876 3936 SP,
897 3874 1065 3922 honorantur
1076 3883 1203 3937 τιμετσιισν
1221 3872 1254 3922 V:
1276 3872 1305 3921 iu

220 3942 265 3990 too
283 3942 364 3991 tatere
381 3941 424 3991 ius
441 3940 618 3990 honorarium
635 3943 701 3992 uidit
721 3942 842 3993 Cuiaotus
882 3942 893 4005 tt
933 3940 1008 4004 quod
1030 3941 1079 4000 Vr,
1100 3940 1166 4003 quid
1186 3936 1266 3990 dios
1294 3935 1305 4005 ΙΙ

221 4014 252 4058 95
265 4010 311 4059 uel
328 4005 424 4067 Valet,
439 4025 484 4060 και
497 4007 530 4060 83
570 4010 581 4072 tl
621 4025 654 4060 ex
671 4024 703 4060 aa
721 4013 795 4061 enim
814 4014 1012 4061 consenserunt
1027 4009 1200 4075 prudentium
1219 4013 1246 4060 at
1263 4023 1305 4060 ro-

220 4082 329 4142 oeptum
347 4082 388 4128 est
404 4091 597 4143 responsorum
610 4082 637 4129 et
648 4082 804 4130 summatim
817 4079 936 4130 solemus
947 4078 1016 4129 haec
1029 4082 1055 4128 et
1067 4079 1160 4129 dicere
1171 4094 1202 4129 εκ
1212 4094 1303 4131 τσυτσυ

219 4163 266 4215 γαρ
279 4144 462 4208 coaxantem
474 4164 520 4215 την
533 4163 643 4217 ενπιρισν
