3006 4736
564 382 650 393 --
695 350 731 409 11
778 385 864 397 -
1123 350 1183 415 th.
1201 354 1255 400 tt

174 539 282 599 Latina
296 537 426 599 Latinus
447 538 588 598 nascitur
606 547 642 598 et
664 556 704 598 ex
725 537 825 598 libero
847 547 879 599 et
893 539 1004 600 ancilla
1020 558 1150 617 seruus,
1176 554 1257 620 quo-

173 626 270 700 niam,
289 642 361 684 cum
377 623 427 696 his
442 622 566 684 casibus
582 622 717 684 conubia
732 642 795 684 non
811 625 885 701 sint,
905 634 1015 703 partus
1030 627 1175 706 sequitur
1189 644 1258 686 ma-

117 710 154 771 tt
174 721 266 771 trem.
302 710 336 769 ln
351 710 412 787 his,
431 711 486 789 qui
503 711 572 771 iure
589 718 747 772 contracto
763 711 959 771 matrimonio
975 721 1161 790 nascuntur,
1180 730 1256 773 con-

175 797 330 875 ceptionis
350 805 475 876 tempor
496 805 665 876 spectatur:
690 798 725 856 in
748 795 797 857 his
818 805 940 875 autem,
966 797 1023 875 qui
1040 815 1102 858 non
1117 798 1255 878 legitime
1277 810 1278 813 ’

175 878 411 961 concipiuntur,
438 880 597 944 editionis.
630 882 732 944 ueluti
748 883 773 943 si
790 883 903 943 ancilia
918 885 1112 962 conceperit,
1139 881 1255 945 deinde
1275 895 1290 940 ι

174 969 366 1030 manumissa
381 970 493 1049 pariat,
512 967 649 1030 liberum
665 969 762 1048 parit:
787 987 860 1029 nam
876 969 1024 1048 quoniam
1040 986 1102 1029 non
1118 969 1256 1049 legitime

175 1056 332 1135 concepit,
352 1074 423 1116 cnm
439 1053 588 1116 editionis
603 1064 744 1132 tempore
760 1053 860 1116 libera
876 1056 932 1132 sit,
951 1064 1061 1134 partus
1075 1072 1201 1134 quoque
1216 1055 1257 1115 li·

174 1141 233 1203 ber
248 1152 306 1202 est.
1178 1182 1181 1189 ,

577 1312 617 1393 [vt
660 1331 696 1372 nn
719 1311 856 1393 norsum]

95 1434 107 1491 t
136 1434 154 1495 2
224 1445 226 1451 '
258 1434 319 1494 Dos
334 1443 388 1493 θυι
405 1431 497 1493 datur
513 1442 566 1493 aut
583 1430 987 1511 diciturautpromittitur.
1023 1433 1133 1493 Dotem
1150 1430 1257 1494 dicere
1278 1442 1308 1487 to

173 1528 275 1601 potest
296 1519 411 1581 mulier
433 1538 514 1598 quac
537 1529 674 1600 nuptura
691 1528 738 1580 est
755 1528 786 1579 et
801 1517 926 1580 debitor
941 1518 1100 1596 mulieris,
1126 1519 1153 1578 si
1169 1519 1259 1578 iussu

161 1608 244 1676 ,eius
267 1605 367 1667 dicat:
402 1607 471 1666 item
492 1623 609 1686 parens
631 1606 775 1666 mulieris
796 1605 901 1666 uirilis
928 1623 1022 1666 sexus
1048 1624 1107 1685 per
1134 1604 1259 1666 uirilem

174 1712 285 1754 sexum
297 1693 481 1772 cognatione
497 1691 640 1769 iunctus,
665 1693 754 1752 uelut
776 1701 866 1771 pater
887 1710 966 1752 auus
982 1700 1142 1771 paternus
1182 1688 1260 1750 dare
1310 1695 1317 1707 “

174 1780 358 1860 promittere
374 1778 479 1840 dotem
496 1796 605 1838 omnes
621 1788 764 1857 possunt.

136 1868 154 1926 3
260 1865 320 1926 Dos
341 1872 395 1925 aut
414 1862 597 1944 proiecticia
619 1865 750 1941 dicitnr,
778 1863 810 1924 id
833 1872 880 1924 est
900 1882 995 1942 quam
1010 1871 1100 1941 pater
1115 1862 1258 1923 mulieris
1279 1871 1310 1916 ta

175 1951 279 2028 dedit,
297 1960 352 2012 aut
367 1950 562 2026 aduenticia,
582 1949 615 2010 id
631 1960 678 2011 est
694 1969 729 2011 ea
746 1968 828 2029 quae
844 1968 860 2009 θ
877 1951 990 2028 quouis
1006 1949 1066 2008 alio
1083 1947 1154 2009 data
1171 1955 1226 2009 est.

138 2043 155 2101 i
261 2039 379 2097 Mortua
401 2038 433 2097 in
458 2037 656 2096 matrimonio
680 2036 813 2097 muliere
835 2035 891 2095 dos
914 2053 932 2095 θ
953 2043 1044 2115 patre
1067 2033 1205 2112 proiecta
1219 2033 1260 2095 ad

175 2133 297 2202 patrem
313 2123 495 2199 reuertitur,
515 2122 635 2201 quintis
650 2124 682 2182 in
699 2121 839 2200 singulos
856 2119 972 2181 liberos
988 2122 1021 2180 in
1038 2119 1195 2182 infinitum
1209 2127 1261 2181 re-

176 2208 260 2268 lictis
275 2226 374 2287 penes
391 2207 506 2267 uirum.
547 2205 632 2285 quod
649 2210 674 2267 si
690 2219 780 2286 pater
795 2224 858 2266 non
874 2207 925 2284 sit,
944 2206 1029 2286 apud
1046 2207 1193 2267 maritum
1208 2225 1261 2266 re-

140 2300 158 2358 5
177 2303 296 2354 manet.
342 2290 530 2353 Aduenticia
560 2302 664 2354 autem
691 2292 747 2354 dos
769 2311 895 2372 semper
915 2286 1024 2370 penes'
1038 2293 1185 2352 maritum
1209 2311 1261 2352 re·
1280 2301 1311 2346 tt

177 2388 300 2451 manet,
318 2387 542 2458 praeterquam
558 2379 585 2438 si
601 2378 628 2439 is
645 2381 701 2458 qui
716 2378 818 2457 dedit,
842 2388 878 2439 υι
892 2376 953 2438 sibi
970 2376 1178 2454 redderetur,
1204 2379 1262 2437 sti-

177 2466 305 2546 pulatus
320 2463 429 2525 fucrit:
450 2482 531 2544 quae
548 2464 605 2525 dos
620 2465 800 2544 specialiter
815 2465 983 2544 recepticia
999 2462 1126 2524 dicitur.

139 2559 157 2617 6
263 2551 405 2612 Dinortio
429 2550 527 2628 facto,
553 2553 579 2612 si
601 2551 730 2629 quidem
750 2553 800 2613 sui
816 2551 894 2612 iuris
910 2552 950 2611 sit
966 2550 1095 2625 mulier,
1121 2550 1189 2629 ipsa
1205 2549 1262 2609 ha-

177 2638 231 2699 bet
247 2639 295 2698 ret
308 2638 442 2698 umortoe
457 2638 625 2714 actionem,
652 2637 685 2698 id
701 2646 749 2698 est
764 2636 846 2698 dotis
862 2637 1093 2717 repetitionem,
1134 2633 1219 2715 quod
1235 2636 1261 2695 si

178 2727 212 2786 in
234 2731 388 2802 potestate
411 2726 510 2803 patris
533 2725 591 2804 sit,
617 2732 708 2803 pater
731 2722 883 2784 adiuncta
906 2723 988 2783 filiae
1011 2740 1145 2802 persona
1168 2719 1263 2782 habet
1281 2730 1313 2776 ιι

179 2811 332 2872 actionem
356 2810 404 2870 rei
425 2811 576 2871 notoriae:
610 2828 669 2871 nec
696 2811 844 2885 interest,
876 2807 1057 2870 aduenticia
1078 2810 1120 2869 sit
1142 2806 1199 2870 dos
1222 2826 1260 2869 an

140 2895 371 2977 iprofeeticia.
420 2897 493 2957 Post
519 2895 691 2958 diuortium
718 2894 866 2957 defuncta
893 2895 1023 2956 muliere
1052 2894 1162 2956 heredi
1194 2896 1264 2975 eius

178 2985 258 3045 actio
273 3000 336 3044 non
352 2982 445 3045 aliter
461 2980 570 3061 datur,
596 3001 691 3062 quam
712 2983 739 3044 si
762 3000 880 3044 moram
901 2983 934 3041 iu
958 2981 1029 3043 dote
1046 2982 1171 3043 mulieri
1188 2979 1264 3042 red-

178 3068 283 3131 denda
298 3070 431 3130 maritus
446 3068 568 3130 iecerit.

141 3161 159 3220 8
263 3156 324 3217 Dos
340 3157 366 3216 si
382 3153 523 3234 pondere
540 3174 670 3217 numero
685 3172 833 3216 mensura
849 3156 1063 3230 contineatur,
1089 3171 1194 3215 annua
1212 3153 1264 3215 bi·
1282 3161 1313 3207 ιθ

181 3261 229 3303 ma
243 3243 339 3303 trimo
354 3239 407 3302 die
422 3240 584 3320 redditur,
609 3241 716 3302 nisisi
737 3251 773 3302 nt
795 3259 948 3321 praesens
969 3238 1123 3300 reddatur
1146 3257 1264 3300 conue-

179 3330 275 3389 nerit.
307 3328 449 3407 reliquae
466 3326 556 3388 dotes
571 3329 677 3389 statim
694 3326 884 3388 redduntur.

142 3420 160 3479 9
265 3415 467 3474 Retentiones
488 3433 528 3474 ex
549 3413 621 3475 dote
638 3413 719 3474 fiunt
735 3419 790 3474 out
800 3420 927 3492 propter
942 3411 1052 3473 itineres
1068 3420 1122 3472 aut
1138 3418 1264 3491 propter

181 3556 184 3561 ι
197 3556 200 3561 1
210 3556 216 3561 a
222 3550 419 3565 υΑΙᾺΛΙΧΝνΝΧΜι
425 3549 641 3562 ἺΧΛΛΝΧΑΛΙΧΙΧΛΙΝΜ

248 3618 396 3683 tsequiC
421 3615 431 3684 11
458 3617 726 3668 tmutrimoniumc
748 3615 759 3681 11
788 3621 924 3681 ttempus
937 3619 1076 3682 spectatur
1093 3616 1180 3676 Titius,
1194 3617 1264 3663 tem-

180 3703 246 3754 pore
263 3686 456 3752 exceptaturC
483 3684 494 3753 1
524 3690 554 3734 ιι
573 3687 758 3752 proemittitur
778 3688 811 3738 C*
844 3684 854 3752 11
891 3689 921 3735 ts
940 3688 1004 3736 item
1023 3685 1165 3743 Aleooder,
1185 3682 1265 3731 insti-

179 3762 254 3809 tutus
269 3758 289 3808 C
301 3756 557 3821 (permutetiscotta)
586 3753 597 3821 1
627 3760 658 3804 tt
677 3755 733 3818 aut]
753 3755 879 3806 autemG
912 3751 922 3821 11
958 3758 988 3803 tr
1005 3751 1266 3816 postmnlierctnc

180 3828 243 3878 ortu
261 3839 381 3886 mosum,
407 3826 452 3874 sed
466 3829 577 3887 propter
593 3825 759 3873 membranae
776 3828 868 3874 utttom
884 3837 999 3873 uacuum
1016 3825 1130 3884 spatium
1146 3821 1265 3870 retiatum

180 3902 219 3947 cst
245 3892 256 3964 11
286 3899 317 3944 22
336 3894 421 3945 fuitC
447 3890 458 3960 11
487 3897 517 3942 24
538 3894 577 3943 rei
589 3894 701 3943 uxoriae
715 3893 752 3942 Fa
768 3907 806 3953 er,
823 3892 909 3942 cmc
935 3888 946 3958 11
974 3889 1117 3941 actioneC
1144 3885 1155 3954 11
1183 3887 1266 3938 idest

180 3966 207 4016 d.
224 3979 279 4030 rep.
296 3966 344 4015 del.
358 3965 441 4014 Fater
466 3959 476 4029 11
503 3966 535 4012 25
549 3962 693 4012 adiunctae
709 3962 729 4013 G
752 3960 757 4028 1
790 3966 822 4011 26
835 3963 875 4013 rei
886 3962 999 4011 uxoriae
1014 3959 1142 4017 Cornetus,
1158 3971 1187 4007 re
1199 3970 1265 4007 uere

184 4034 469 4096 cmottspermotatts)
498 4028 508 4099 1
538 4035 569 4080 ιι
588 4031 766 4082 mulieremG
789 4029 800 4096 11
829 4035 860 4079 30
874 4027 1055 4079 uumerumC
1081 4023 1093 4092 11
1121 4030 1149 4075 at
1172 4026 1262 4089 trima]

180 4105 261 4153 trima
371 4103 448 4162 amic
460 4114 544 4151 coeco
556 4103 640 4162 spatio
652 4098 889 4159 antemettctow
915 4094 926 4164 11
955 4097 999 4146 die
1013 4094 1176 4147 reddeturG
1203 4091 1213 4162 11
1242 4097 1265 4146 si

181 4185 229 4221 om.
248 4172 281 4222 0⁸
308 4168 318 4237 11
348 4175 378 4218 tt
393 4172 564 4220 retenteones
581 4169 614 4220 0⁸
635 4165 646 4236 11
674 4172 721 4218 aut
732 4172 844 4233 proptor
856 4165 957 4216 liberos
974 4165 1061 4222 Titius,
1075 4163 1163 4215 coac
