3006 4736
571 376 657 389 ....
702 346 742 406 75
785 376 872 389 ..-.
1033 344 1109 395 Peul.
1124 345 1158 407 11,
1174 346 1215 394 44.
1230 347 1264 393 44

144 533 160 593 4
181 533 276 594 etiam
292 530 344 592 die
368 529 479 593 feriato
502 530 569 593 lieri
593 502 705 612 potest.
746 529 840 612 Apud
862 533 1063 611 magistratus
1086 532 1264 614 municipe-

180 618 245 694 leS,
271 618 298 678 si
313 616 452 679 habeant
465 617 544 697 legis
559 618 730 697 actionem,
756 618 948 697 emancipari
964 627 996 679 et
1011 620 1190 682 manumitti
1205 638 1264 700 pc-

143 704 161 763 4
181 712 254 764 4444.
293 703 390 765 Filius
405 701 540 766 familias
555 704 676 765 inuitus
691 705 885 784 emancipari
897 722 960 764 non
975 705 1107 783 cogitur.

542 874 621 956 [xxvi
662 894 700 936 44
721 873 902 956 reveneris]

145 995 157 1054 4
266 993 394 1073 *Capite
406 993 547 1057 secundo
562 994 642 1075 legis
653 995 751 1057 Iuliae
767 992 808 1056 de
821 991 986 1056 adulteriis
997 995 1195 1074 permittitur
1206 1014 1263 1076 pa·
1281 1011 1296 1057 t

181 1080 323 1143 *tritam
344 1078 492 1161 adoptiuc
507 1100 602 1161 quam
626 1079 763 1144 naturali
785 1079 967 1142 adulterum
983 1098 1054 1141 cum
1071 1079 1133 1142 iilia
1156 1081 1265 1143 cuius-

180 1167 334 1246 *cumque
347 1164 511 1246 dignitatis
523 1165 605 1228 domi
620 1185 695 1229 suae
706 1166 760 1228 uel
772 1165 882 1247 generi
893 1165 943 1227 sui
956 1164 1191 1247 deprehensum
1207 1185 1265 1230 sua

143 1253 294 1314 2*manu
317 1251 473 1315 occidere.
513 1253 609 1314 Filius
631 1251 765 1315 familias
786 1260 878 1332 pater
893 1253 920 1314 si
942 1252 1037 1313 filiam
1055 1253 1087 1314 in
1107 1250 1264 1315 adulterio

180 1336 458 1418 *deprehenderit⁷
476 1339 586 1400 uerbis
602 1337 732 1419 quidem
747 1339 825 1418 legis
840 1357 938 1418 prope
955 1347 1018 1417 est,
1037 1346 1149 1400 utnon
1165 1339 1265 1419 pessit

143 1425 160 1484 3
179 1423 360 1486 *occideret
378 1425 518 1505 permitti
531 1434 636 1487 tamen
653 1424 683 1486 ei
696 1424 803 1504 debet,
821 1433 857 1485 ut
872 1422 1004 1486 occidat.
1031 1423 1141 1505 Capite
1153 1425 1264 1504 quinto
1284 1438 1314 1483 44

179 1511 277 1590 *legis
288 1510 386 1572 Iuliae
397 1521 539 1590 cauetur,
558 1520 593 1572 ut
604 1510 784 1573 adulterum
797 1509 1033 1591 deprehensum
1046 1511 1160 1591 uiginti
1171 1510 1265 1572 horas

97 1627 99 1631 ν
143 1597 159 1657 4
179 1594 374 1659 *attestando
389 1598 511 1659 uicincs
534 1598 675 1658 retinere
691 1597 795 1660 liceat.
835 1596 964 1658 Maritus
980 1597 1012 1657 in
1034 1596 1191 1659 adulterio
1206 1595 1266 1659 de-

153 1736 156 1747 ,
178 1682 372 1763 *prehensos
386 1702 449 1744 444
464 1682 542 1745 44444
557 1703 653 1764 quam
667 1682 801 1746 infames
814 1692 846 1744 et
861 1702 914 1744 ecs
929 1683 985 1763 qui
1002 1701 1131 1764 ccrpcre
1148 1701 1265 1764 quaes-

179 1770 265 1829 *tum
283 1767 417 1848 iaciunt,
436 1787 545 1833 seruos
564 1770 673 1846 etiam,
693 1778 825 1849 excepta
839 1788 938 1831 uxore
954 1788 1049 1850 quam
1061 1768 1260 1849 prohibetur.

143 1854 160 1913 5
179 1853 341 1916 *occidere
364 1865 477 1936 potest.
523 1857 677 1934 Maritum,
707 1857 763 1936 qui
785 1851 916 1916 urrerem
939 1853 1169 1935 deprehensam
1191 1875 1262 1919 cum
1284 1868 1316 1913 44

179 1939 343 2001 *adultero
364 1939 490 2019 occidit,
514 1942 662 2021 quiahoc
685 1940 881 2021 impatientia
900 1941 975 2002 iusti
992 1939 1108 2002 doloris
1122 1940 1261 2019 admisit,

144 2027 161 2085 6
179 2026 302 2087 *lenius
318 2027 425 2106 puniri
441 2026 572 2107 placuit.
611 2026 720 2087 Occiso
736 2025 880 2088 adultero
897 2024 1057 2088 dimittere
1074 2028 1180 2088 statim
1197 2047 1264 2088 ma-

179 2111 279 2172 *ritus
294 2109 390 2172 debet
405 2131 536 2173 uxorem
552 2121 646 2191 atque
663 2112 704 2172 ita
726 2110 832 2173 triduo
848 2113 991 2192 proximo
1006 2111 1164 2193 profiteri,
1192 2133 1263 2176 cum

144 2196 261 2275 7*quc
283 2194 429 2259 adultero
452 2207 484 2259 et
508 2198 539 2258 44
564 2216 626 2277 quc
642 2197 708 2258 lccc
730 2216 861 2258 uxorem
884 2195 1167 2278 deprehenderit*
1211 2201 1264 2260 ln-

180 2292 276 2344 uenta
300 2283 332 2344 in
349 2282 503 2345 adulterio
518 2302 617 2346 uxore
634 2285 765 2346 maritus
781 2285 824 2344 ita
840 2283 967 2354 demum
984 2280 1163 2345 adulterum
1180 2286 1264 2346 ccci·
1283 2297 1314 2342 44

185 2454 212 2466 ΑΛ
219 2454 231 2461 ‘⁵
237 2453 376 2467 r'X-WMWWU
384 2453 753 2467 -fvutimvvvtuv-lvuvvvvwvvvvx
758 2454 1085 2468 ΜνᾺΙνᾺΛΛΛΙᾺΝΧΛᾹΛΛΙΧΛΙ
1095 2455 1263 2467 'ww'vwvvvvv

249 2543 291 2599 44,
308 2543 373 2589 4-4
385 2543 521 2591 restitutae
533 2545 595 2591 44444
606 2554 640 2591 ee>
657 2542 791 2592 Vereetinc
808 2540 919 2603 (4444444
934 2510 1040 2592 libem.
1056 2543 1098 2602 ti,
1114 2542 1153 2601 48)
1173 2546 1198 2592 44
1214 2541 1265 2591 Ve-

180 2613 265 2659 ticecc
277 2623 331 2673 rep.
349 2613 424 2669 4444,
444 2611 472 2659 ie
484 2622 533 2672 quo
544 2611 666 2673 4444444444
674 2614 734 2671 pert
746 2608 758 2674 4
773 2613 802 2658 44
814 2612 962 2671 praemissa
974 2612 1112 2672 4444444444
1124 2612 1265 2660 4444444444

180 2678 461 2796 ἷὲἳὲἕῖηξεζρὲᾱξῑίω
484 2678 940 2739 44,4.4.4-4·--044444444,44
982 2680 993 2742 Ι)
1032 2678 1265 2739 444845044-

271 2784 277 2806 4
329 2786 335 2809 t
369 2786 375 2798 ⁹

255 2883 291 2895 itm
302 2887 309 2896 s.
319 2886 328 2896 s·
335 2878 1265 2899 .1uuuvuvmtvx)=¹s'vvxwvuwitxtum1,ruwffvmlvxsvuvmtvvvvvvuwxmvwwss

251 2989 264 3035 t
282 3001 408 3037 4444444444
426 2988 495 3037 tituli
511 2986 635 3038 XXXVH
654 2987 724 3050 4444
744 2987 879 3038 Celadum
893 2988 998 3038 044444.
1015 2990 1057 3048 st,
1073 2991 1103 3037 44
1116 3002 1207 3039 errore
1215 3000 1266 3050 pro

180 3055 278 3106 xxvii
295 3057 449 3118 (computato
461 3057 557 3108 scillcet
570 3057 643 3107 444444
655 3056 689 3107 de
702 3056 785 3106 mcdc
797 3062 823 3118 4,
838 3059 880 3117 44,
895 3057 919 3118 4)
934 3058 1046 3119 scriptur
1059 3061 1096 3108 est
1136 3057 1147 3121 4
1190 3062 1204 3107 5
1221 3070 1266 3108 se-

181 3125 303 3174 cundum
316 3125 403 3188 legem
420 3125 499 3175 44444.
534 3124 545 3187 ))
581 3126 781 3191 tcuicumque
798 3126 889 3186 Vatic,
904 3127 1037 3190 cuiusque
1053 3125 1116 3177 Coll.
1146 3126 1159 3191 ))
1188 3126 1265 3177 4444

182 3192 256 3253 Coit,
271 3207 320 3244 444.
335 3194 432 3244 444444.
446 3194 525 3244 Vctic.
552 3192 564 3256 Ι)
587 3207 637 3245 sua
649 3208 733 3244 mauu
747 3194 821 3256 0444,
836 3194 1090 3244 cercentius.
1117 3195 1128 3258 ι)
1153 3201 1167 3244 8
1181 3194 1261 3259 iilius]

179 3261 233 3312 iilia
250 3263 329 3313 Vcttc.
355 3263 366 3327 Ι)
390 3263 413 3312 si
425 3263 452 3311 iu
464 3262 598 3313 adulterio
611 3262 664 3314 iilia
679 3264 757 3314 Vatic.
789 3261 801 3327 Ι)
830 3262 972 3313 94444444.
989 3299 995 3312 .
1013 3299 1018 3312 .
1034 3266 1075 3313 est
1087 3277 1137 3314 cm.
1157 3265 1235 3315 Vctic.
1255 3262 1266 3330 ))

180 3332 210 3380 44
223 3330 286 3394 neu]
301 3331 344 3381 uel
361 3331 440 3381 Vatic.
478 3331 489 3394 ))
529 3334 559 3381 44
578 3333 697 3396 permitti
710 3334 728 3381 t.
744 3332 768 3381 ei
781 3331 862 3383 debet
877 3332 976 3382 l'csoct.
995 3332 1086 3391 Vatic,
1098 3333 1265 3397 permittitur

180 3402 269 3449 tamen
282 3402 362 3450 etiem
376 3401 400 3449 ei
417 3399 479 3450 Coti.
510 3400 522 3463 1)
555 3401 643 3465 capite
660 3400 739 3451 Vatic.
754 3405 779 3450 et
794 3401 893 3451 Veeect.
908 3402 1048 3450 4444444444
1063 3401 1161 3452 4444444
1173 3403 1265 3452 444444-

179 3481 238 3518 4444
257 3471 339 3527 4484,
358 3480 509 3532 rursusque
527 3470 616 3534 capite
633 3469 731 3519 Vesect.
745 3471 887 3520 4444444444
902 3469 1000 3520 4444444
1014 3470 1120 3520 044444.
1136 3472 1178 3530 tt,
1195 3473 1225 3519 48
1254 3466 1265 3536 Ι)

144 3556 146 3561 v
182 3541 208 3585 tt
232 3536 313 3587 hores
329 3537 420 3595 44444,
438 3536 513 3587 horis
529 3538 628 3587 Vesont.
659 3537 670 3601 Ι)
700 3541 731 3587 tt
750 3537 924 3589 adtestaudcs
940 3538 1019 3589 Vctic.
1045 3537 1056 3601 Ι)
1079 3538 1265 3603 deprehensus

183 3605 263 3656 Velie.
282 3605 464 3657 careretur
498 3604 509 3667 ))
546 3608 576 3654 48
595 3619 666 3670 quae
680 3605 790 3656 iuiamis
807 3607 885 3658 l'etic.
929 3607 940 3671 Ι)
982 3609 1011 3656 44
1032 3620 1129 3658 seruus
1145 3608 1223 3657 Vcttc.

179 3675 260 3725 etiam
278 3675 389 3733 Vertat,
403 3675 467 3723 item
484 3674 573 3733 44444,
588 3676 669 3725 etiem
682 3675 822 3727 etliberos
838 3675 899 3727 Geli.
939 3676 951 3738 4)
989 3689 1070 3740 quam
1082 3689 1109 3741 p.
1124 3689 1149 3726 4.
1163 3679 1253 3741 potest

179 3757 234 3793 non
252 3742 407 3808 prohibitur
424 3742 550 3793 occidere
573 3743 650 3794 Vetic.
682 3743 693 3807 ))
727 3748 758 3794 44
777 3746 891 3795 maritus
913 3745 992 3796 44444.
1016 3744 1089 3805 0444,
1109 3746 1140 3796 de
1162 3746 1261 3796 Veroct.

179 3817 342 3867 4444444444
370 3812 381 3876 Ι)
410 3810 579 3876 deprehensa
596 3813 676 3862 Vetic.
713 3812 724 3875 )
760 3815 790 3861 44
809 3813 944 3865 adulterio
962 3813 1040 3864 Vatic.
1077 3813 1089 3876 Ι)
1126 3813 1264 3866 44144444

183 3881 303 3932 verost?
324 3882 404 3940 Coit,
430 3880 518 3931 leuius
540 3881 618 3931 Vetto.
662 3880 674 3945 Ι)
713 3883 830 3933 maritus
847 3883 938 3934 stetim
958 3881 1094 3932 dimittere
1116 3883 1213 3942 44444,
1233 3884 1266 3935 de

184 3950 283 4001 444444.
297 3965 348 4000 con
360 3954 459 4000 4444444
493 3948 504 4011 ))
541 3953 572 3998 49
592 3951 701 4000 iuuenta
719 3952 747 4000 44
760 3951 805 4002 ad.
821 3964 905 4002 uxore
927 3951 1075 4012 (inuentam
1090 3950 1134 4003 ed.
1150 3963 1263 4003 uxorem

183 4018 269 4082 44444)
282 4021 397 4070 maritus
409 4019 490 4078 4-4444
503 4017 598 4081 04441)
614 4020 650 4069 tle
659 4018 769 4070 demum
779 4019 933 4071 adulterum
942 4019 1056 4069 maritus
1071 4020 1152 4083 (-tum
1166 4021 1261 4085 044444)

180 4086 305 4138 occidere
317 4090 407 4153 potest
419 4089 442 4138 si
454 4099 516 4138 eum
537 4086 611 4149 0444,
632 4088 771 4139 irruentem
789 4090 817 4138 in
835 4088 879 4139 ad.
900 4100 1014 4138 uxerem
1035 4088 1087 4151 (·re
1100 4091 1128 4154 t)
1149 4091 1265 4142 44444444

180 4155 216 4204 ita
229 4154 339 4206 demum
352 4156 479 4207 occidere
492 4158 590 4221 polest,
604 4158 628 4207 sl
641 4157 797 4208 adulterum
816 4157 952 4221 Wtetpctlei
