3006 4736
228 335 453 397 Pau1.11,to.2t
617 370 702 382 ...-
746 337 787 398 70
831 369 916 382 ...-

227 526 300 586 *aut
320 514 458 606 neptem‘
476 542 607 587 uxorem
630 523 746 586 ducere
769 543 954 607 possumus:
985 536 1172 607 proneptem
1199 527 1310 588 aetatis

191 611 208 670 i
227 610 325 671 *ratio
340 609 498 692 prohibet.
530 608 688 691 Adoptiua
703 611 846 692 cognatio
860 611 994 693 impedit
1010 613 1138 693 nuptias
1153 612 1237 673 inter
1251 631 1309 693 pa-

227 700 352 758 *rentes
367 714 402 757 ac
417 695 534 758 liberos
549 696 737 776 omnimodo,
757 696 841 759 inter
856 696 970 759 iratres
986 708 1133 777 eatenus,
1151 707 1309 778 quatenus

191 782 357 862 5·*capitis
371 782 504 844 minutio
520 801 582 844 non
598 783 781 844 interuenit.
821 784 885 845 Nec
900 803 1025 846 socrum
1041 802 1101 845 nec
1117 802 1234 846 nurum
1255 803 1309 847 nec

227 868 425 950 *priuignam
450 886 509 929 nec
538 887 707 931 nouercam
733 869 903 949 aliquando
929 871 1006 932 citra
1034 888 1169 951 poenam
1195 870 1343 931 incestis

227 957 375 1016 *uxorem
391 953 509 1016 ducere
525 954 609 1033 licet,
626 954 708 1017 sicut
723 957 921 1017 necomitam
937 965 991 1017 aut
1006 964 1217 1017 materteram.
1251 955 1307 1018 sed

226 1040 299 1120 *qui
321 1040 375 1104 uel
390 1049 552 1121 cognatam
573 1049 678 1103 contra
702 1039 905 1104 interdictum
921 1040 1066 1121 duxerit,
1092 1042 1222 1104 remisso
1238 1062 1309 1104 mu-

227 1126 315 1188 *iieri
337 1126 417 1188 iuris
438 1145 545 1187 errore
569 1127 636 1207 ipse
658 1145 791 1209 poenam
814 1126 960 1189 adulterii
983 1129 1052 1209 iege
1076 1128 1153 1189 iulia
1176 1129 1305 1209 patitur,

191 1212 209 1271 6
225 1215 306 1273 *non
323 1213 418 1275 etiam
434 1211 559 1274 ducta*
580 1213 666 1274 Inter
681 1231 790 1274 seruos
806 1222 837 1276 et
850 1213 969 1276 liberos
985 1215 1217 1276 matrimonium
1234 1233 1309 1275 con-

190 1298 208 1358 7
226 1298 307 1360 trabi
324 1317 387 1360 non
399 1306 513 1379 potest,
531 1298 773 1361 contubernium
787 1310 901 1382 potest.
927 1301 1036 1382 Neque
1052 1299 1189 1362 iuriosus
1204 1318 1308 1380 neque
1329 1312 1364 1358 99

226 1384 342 1446 furiosa
368 1384 601 1446 matrimonium
631 1387 815 1448 contrahere
846 1395 994 1467 possunt:
1031 1385 1089 1448 sed
1114 1396 1308 1448 contractum

189 1471 208 1530 8
226 1470 460 1532 matrimonium
477 1468 582 1532 furore
596 1490 659 1532 non
676 1472 806 1533 tollitur.
844 1473 899 1534 Vir
913 1472 1029 1535 absens
1043 1491 1175 1535 uxorem
1190 1471 1308 1534 ducere

189 1559 347 1637 9potest:
366 1554 484 1617 femina
498 1556 614 1618 absens
629 1556 752 1619 nubere
768 1577 830 1619 non
844 1568 959 1640 potest.
999 1558 1176 1637 Libertum,
1196 1560 1250 1640 qui
1268 1557 1309 1619 ad

226 1642 354 1722 nuptias
368 1653 518 1723 patronae
534 1642 586 1703 uei
599 1645 707 1704 uxoris
722 1643 867 1723 filiaeque
880 1646 1005 1744 patroni
1017 1643 1234 1723 adiectauerit,
1252 1664 1308 1745 pro

227 1726 380 1808 dignitate
403 1746 556 1807 personae
564 1730 690 1790 metalli
705 1748 806 1829 poena
828 1731 880 1792 uei
902 1731 1006 1832 operis
1026 1730 1146 1813 publici
1170 1731 1308 1795 coerceri
1329 1743 1363 1787 99

170 1814 207 1873 40
227 1813 356 1893 placuit.
400 1814 452 1875 *si
473 1815 554 1895 quis
566 1814 735 1876 officium
727 1834 760 1874 m
782 1815 889 1895 aliqua
910 1818 1076 1896 prouincia
1095 1815 1245 1879 administ
1233 1825 1304 1895 trat,

227 1897 321 1960 *inde
335 1898 500 1963 oriundam
516 1901 569 1962 uel
584 1900 628 1962 ibi
651 1900 843 1963 domicilium
859 1901 1027 1964 habentem
1043 1921 1175 1964 uxorem
1191 1902 1308 1965 ducere

226 1987 307 2045 *non
323 1993 441 2065 potest,
462 1989 608 2066 quamuis
624 2006 773 2068 sponsare
788 2007 851 2049 non
867 1988 1090 2069 prohibeatur:
1115 1989 1305 2065 itascilicet,

226 2073 291 2148 *ut,
310 2071 335 2132 si
351 2081 421 2153 post
431 2070 568 2134 officium
581 2072 758 2154 depositum
771 2075 906 2137 noluerit
918 2076 1033 2137 mulier
1044 2076 1309 2155 nuptias-contra·

226 2156 339 2236 *bere,
363 2158 456 2221 liceat
479 2160 509 2220 ei
531 2159 590 2220 hoc
612 2158 717 2222 iacere
740 2162 821 2223 arris
835 2160 1050 2223 tantummodo
1071 2160 1205 2223 redditis
1227 2179 1308 2242 quos
1327 2171 1361 2217 99

170 2243 202 2302 ii
226 2247 418 2324 *acceperat
457 2245 601 2307 Veterem
624 2264 769 2328 sponsam
784 2248 817 2309 in
833 2247 1014 2328 prouincia,
1040 2266 1104 2328 qua
1118 2248 1191 2327 quis
1206 2245 1309 2309 adrni-

225 2330 374 2411 *nistrat,
398 2349 529 2394 uxorem
552 2329 668 2395 ducere
682 2341 803 2412 potest,
829 2343 860 2394 et
875 2331 932 2395 dos
954 2331 1026 2395 data
1041 2352 1103 2395 non
1127 2333 1160 2394 fit
1176 2332 1305 2396 caduca.

170 2417 207 2476 ih
226 2417 304 2489 *Qui
321 2418 354 2477 in
375 2417 541 2498 prouincia
562 2418 685 2499 aliquid
705 2418 920 2498 administrat,
946 2422 978 2480 in
995 2437 1031 2482 ea
1047 2421 1212 2500 prouincia
1227 2419 1308 2481 filias

225 2501 317 2565 *suas
327 2504 359 2564 in
373 2503 606 2566 matrimonium
621 2504 773 2566 collocare
789 2514 821 2566 et
832 2503 938 2566 dotem
953 2507 1143 2568 constituere
1158 2524 1221 2567 non
1232 2524 1308 2586 pro·

169 2588 205 2647 43
224 2587 382 2652 *bibetur
421 2589 488 2650 Non
511 2599 560 2652 est
574 2590 824 2669 matrimonium,
846 2591 873 2652 si
890 2601 973 2653 tutor
993 2591 1045 2654 uel
1061 2601 1187 2654 curator
1200 2591 1308 2673 pupil-
1326 2602 1360 2650 99

225 2677 305 2736 *iam
326 2693 415 2737 suam
436 2676 520 2738 intra
542 2675 730 2738 uicesimum
754 2688 786 2739 et
808 2638 933 2739 s⁷extum
949 2697 1066 2741 annum
1091 2697 1154 2739 non
1170 2676 1309 2759 despon-

224 2763 309 2821 *sam
332 2781 350 2822 a
372 2771 464 2841 patre
486 2780 546 2823 nec
566 2771 755 2824 testamento
778 2761 968 2826 destinatam
989 2762 1082 2826 ducat
1103 2783 1233 2855 uxorem
1254 2765 1308 2825 uel

224 2847 313 2907 *eam
329 2845 392 2906 filio
410 2864 466 2908 suo
483 2848 611 2928 iungat
636 2867 699 2928 quo
715 2847 794 2910 iacto
812 2859 947 2929 uterque
959 2847 1130 2912 infamatur
1142 2861 1173 2912 et
1185 2870 1242 2931 pro
1257 2848 1308 2911 di-

224 2931 361 3010 *gnitate
374 2932 515 3032 pupiilae
530 2942 620 2996 extra
634 2933 777 2995 ordinem
793 2944 970 2997 coercetur:
990 2954 1049 2997 nec
1064 2936 1205 3011 interest,
1224 2936 1308 2998 filius

168 3015 205 3076 ii
224 3016 317 3077 *sni
308 3017 386 3077 ruris
401 3036 441 3079 an
459 3019 491 3079 in
506 3019 607 3099 patris
626 3029 762 3099 potestat
764 3040 781 3081 e
797 3021 847 3082 sit.
891 3019 1051 3083 Curatoris
1072 3021 1221 3083 libertum
1238 3041 1307 3084 eam
1326 3032 1359 3078 ³⁰

223 3101 412 3182 *pupillam,
436 3104 528 3164 cuius
550 3115 701 3184 patronus
723 3124 776 3167 res
798 3105 1013 3186 administrat,
1039 3127 1168 3169 uxorem
1189 3107 1307 3170 ducere

224 3189 319 3250 *satis
334 3188 463 3251 inciuile
480 3192 559 3251 est*

598 3344 645 3427 [xx
688 3365 725 3406 99
747 3346 930 3430 concentus]

189 3465 199 3523 i
311 3455 355 3527 Eo
370 3473 523 3545 tempore,
541 3483 604 3545 quo
616 3466 688 3546 quis
699 3484 828 3527 uxorem
844 3465 950 3546 habet,
968 3466 1174 3529 concubinam
1188 3467 1306 3530 habere

225 3568 287 3611 non
302 3558 417 3630 potest
442 3550 619 3615 concubina
634 3552 731 3632 igitur
747 3552 787 3614 ab
802 3571 902 3615 uxore
918 3553 981 3615 soio
994 3552 1111 3681 diiectu
1126 3563 1302 3683 separatur.
1326 3563 1359 3611 99

264 3669 704 3685 mmmmm
706 3672 906 3687 VNWAMWI
1102 3673 1168 3686 ΙΛιΛΛ
1178 3673 1249 3685 Vm
1257 3672 1305 3688 W!

294 3725 336 3784 99,
347 3721 611 3782 9-939999999,
624 3727 637 3772 9
663 3722 673 3785 ιι
699 3726 730 3771 99
735 3673 973 3788 ‚io-isthic.
974 3674 1021 3809 aa,
1030 3674 1061 3784 9,
1063 3674 1102 3774 99
1127 3723 1138 3787 n
1163 3728 1205 3786 99,
1221 3728 1262 3774 99.
1275 3727 1305 3773 it

225 3759 336 3854 ,99ρῖ
345 3794 386 3851 99,
402 3792 428 3852 9,
443 3794 475 3841 99

225 3890 352 3906 Μύνννν
354 3890 972 3910 wwvsmmmmnwwmvmmuwvvmmvu
959 3892 1306 3909 MAMWWWNWW

294 3949 315 3992 9
312 3945 475 4010 possumne]
490 3959 544 3996 non
557 3959 704 4012 possumus
715 3948 813 3997 codices
840 3948 852 4010 ll
883 3950 895 3994 i
911 3960 962 3997 nec
974 3946 1138 4012 priuignam]
1153 3948 1306 4013 priuignam

223 4013 321 4063 codices
356 4012 367 4077 u
400 4015 537 4079 iquiuel
553 4015 648 4078 Coli',
662 4016 767 4079 nelqui
779 4017 872 4075 ccliv,
885 4016 930 4066 uel
947 4016 1026 4067 colii
1066 4015 1077 4078 ΙΙ
1118 4018 1148 4064 99
1168 4017 1273 4081 quosF
1298 4014 1309 4083 i

225 4083 256 4129 99
275 4081 438 4147 desponsam
452 4083 497 4143 ΡΙ,
513 4083 704 4149 desponsatam
719 4083 755 4133 1³²
790 4083 803 4148 ΙΙ
842 4087 873 4133 ui
894 4083 1047 4134 concubina
1060 4085 1109 4134 ut
1147 4085 1158 4149 u
1198 4088 1228 4134 ³5
1248 4090 1308 4135 cote

224 4148 378 4234 concubina
393 4153 473 4215 igitur
485 4155 609 4205 nonnullo
620 4156 780 4207 intercidisse
792 4157 891 4204 monuit
904 4153 1021 4203 Huschke
