3010 4738
641 319 961 380 -162—

532 576 765 637 menstra
785 576 839 636 DE
860 576 951 636 lvns
971 579 1070 639 FlSCl

393 702 561 772 Fragmenta
575 701 704 756 Veronae
726 703 756 756 in
776 699 950 756 bibliotheca
965 703 1117 772 capitulari
1131 707 1318 777 adseruata,

308 804 383 859 qnae
404 794 524 858 propter
544 794 744 856 argumentum
764 786 852 842 bodie
871 788 907 842 de
920 789 982 842 iure
993 790 1057 859 fisci
1070 790 1220 862 dicimur,
1252 799 1322 851 etsi

309 874 345 929 de
360 874 440 930 titulo
455 872 536 928 etde
550 878 667 928 auctore
681 870 758 937 libri,
776 874 860 928 cuins
874 888 909 927 ea
923 873 991 929 olim
1005 882 1118 943 partem
1134 880 1316 950 effecerint,

308 967 418 1015 certum
440 958 577 1014 iudicium
598 964 674 1013 extat
696 958 825 1025 nullum,
857 956 1046 1028 probabiliter
1067 970 1191 1034 propter
1212 983 1321 1037 argu-

308 1054 437 1101 mentum
458 1043 612 1101 iuridicum
626 1049 656 1098 et
670 1050 789 1114 propter
803 1039 946 1099 sermonis
960 1045 1083 1100 formam
1098 1049 1136 1103 ad
1150 1052 1320 1108 saeculum

308 1131 507 1187 {tercentum
521 1130 570 1185 uel
584 1130 622 1184 lIl
636 1144 667 1199 p.
684 1129 752 1185 Chr.
770 1146 801 1185 u.
819 1130 995 1197 tolerantur,
1020 1134 1046 1187 si
1066 1133 1097 1188 id
1114 1143 1234 1207 tempus
1251 1155 1320 1193 ex-

307 1220 406 1289 cipias,
433 1231 492 1286 quo
507 1217 665 1286 imperante
679 1215 819 1271 Caracalla
833 1218 879 1270 ius
894 1222 1008 1285 patrum
1023 1220 1054 1272 iu
1068 1220 1189 1277 caducis
1204 1225 1320 1280 uindi-

308 1303 407 1360 candis
426 1294 515 1376 (quod
531 1297 591 1373 iu§
607 1305 624 1356 3
640 1295 812 1374 agnoscitur)
832 1316 890 1357 non
903 1299 1020 1371 uigebat
1042 1296 1116 1377 (le.
1139 1313 1188 1372 tr,
1211 1316 1242 1378 2,
1264 1313 1313 1368 ct.

309 1390 362 1444 Dio
376 1387 454 1444 Cass.
475 1391 526 1455 78,
548 1391 583 1443 ta
600 1386 748 1456 Capitolia.
769 1389 798 1441 in
812 1387 937 1442 ltacrino
957 1383 1004 1461 ts)
1015 1382 1052 1463 ¹).

394 1473 562 1543 Fragmenta
583 1475 655 1543 ipsa,
681 1487 755 1542 quae
776 1476 902 1544 primum
916 1489 972 1527 uua
987 1488 1055 1529 cum
1069 1475 1123 1533 Gai
1138 1479 1317 1538 Institutio-

308 1557 395 1616 nibus
415 1575 443 1615 a.
465 1563 544 1616 tezo
567 1556 676 1628 publici
697 1559 768 1613 iuris
789 1559 864 1613 lacta
885 1564 967 1625 suut,
992 1559 1108 1617 duobus
1130 1565 1208 1622 loliis
1230 1583 1317 1623 con-

309 1650 395 1713 stant,
414 1659 489 1715 quae
504 1643 572 1699 olim
587 1643 678 1700 codici
694 1644 833 1716 rescripto
847 1644 1080 1717 Hieronymiauo
1106 1653 1192 1707 cuius
1206 1657 1315 1725 serip-

310 1737 375 1787 tura
389 1732 506 1799 antiqua
520 1728 623 1784 Gaium
638 1731 774 1796 continet,
800 1730 957 1799 tegumenti
977 1730 1041 1787 loco
1060 1734 1200 1792 uidentur
1214 1754 1315 1809 prae-

310 1816 396 1872 missa
418 1815 518 1871 tuisse.
556 1814 635 1884 quod
657 1830 716 1885 quo
738 1815 916 1871 commodius
930 1815 1023 1886 lieret,
1048 1816 1216 1893 bibliopega
1230 1825 1313 1882 baec
1392 1848 1395 1856 ·

310 1901 377 1958 tolia
390 1901 429 1957 ita
443 1900 612 1970 amputauit,
633 1907 666 1957 ut
679 1904 821 1971 margines
835 1904 1000 1971 superiores
1014 1909 1044 1958 et
1058 1910 1220 1965 exteriores
1235 1927 1312 1967 cum

309 1993 391 2061 parte
412 1988 571 2058 scripturae
592 1987 745 2043 recideret.
791 2003 886 2057 neque
908 1987 982 2043 banc
1003 1987 1099 2047 labem
1120 1994 1213 2050 solam
1234 1997 1309 2053 lolia

309 2074 356 2130 illa
372 2077 584 2142 contraxerunt,
610 2073 661 2129 sed
683 2075 790 2129 sensim
811 2074 1075 2146 pedetemptimque
1099 2095 1155 2134 usn
1177 2081 1310 2139 lacerata

310 2165 354 2217 est
376 2159 493 2216 dextera
509 2174 577 2231 pars
591 2161 742 2230 utriusque
758 2158 816 2215 lolii
831 2162 937 2215 summi
951 2167 979 2215 et
996 2169 1146 2231 praeterea
1160 2167 1310 2224 foramina

310 2254 339 2303 et
366 2246 454 2302 mmae
483 2247 513 2300 in
538 2244 642 2300 mediis
663 2243 838 2300 membranis
860 2253 939 2300 ortae
961 2250 1122 2317 scripturae
1144 2255 1310 2320 particulas

309 2332 498 2390 abstulerunt.
532 2347 567 2388 eo
583 2336 712 2402 tempore
726 2346 785 2401 quo
801 2330 867 2387 lolia
881 2333 1077 2400 innotuerunt,
1096 2341 1241 2407 margines
1256 2344 1309 2396 in-

309 2421 431 2475 teriores
446 2416 570 2473 duorum
584 2416 719 2472 loliorum
733 2416 839 2487 glutine
855 2424 1019 2487 compactae
1036 2419 1134 2476 luere:
1153 2424 1310 2482 membra-

309 2522 364 2563 nae
386 2511 483 2560 autem
504 2504 584 2574 ipsae
606 2518 676 2559 num
697 2503 829 2572 primitus
850 2504 888 2558 ita
911 2505 986 2559 inter
1003 2521 1035 2560 se
1049 2506 1243 2575 cohaeserint,
1271 2520 1308 2568 ut

308 2607 400 2649 unum
422 2606 474 2661 par
495 2589 629 2645 loliorum
650 2588 818 2658 allicerent,¹
832 2588 1016 2660 eundemque
1038 2592 1172 2650 ordinem
1187 2597 1307 2654 babue-

309 2680 378 2745 rint,
403 2692 461 2747 quo
477 2680 577 2747 postea
592 2675 783 2745 conglutinata
798 2682 827 2730 et
841 2674 898 2731 boc
912 2677 1027 2731 saeculo
1042 2678 1119 2734 edita
1138 2689 1216 2752 sunt,
1244 2684 1306 2742 dici

309 2779 367 2821 non
391 2768 500 2833 potest:
533 2766 611 2818 certe
641 2762 771 2818 neutrius
793 2760 851 2816 lolii
873 2761 954 2817 initio
976 2762 1093 2819 alterius
1114 2774 1227 2836 partem
1248 2786 1307 2825 ex-

310 2858 430 2906 tremam
452 2849 612 2905 continuari
633 2847 815 2903 manifestum
836 2852 890 2902 est.
935 2849 1061 2919 singulae
1083 2857 1203 2922 paginae
1226 2853 1306 2912 binis

311 2934 452 2992 columnis
466 2942 597 2990 exaratae
612 2941 689 2990 suut.
715 2938 787 3004 quot
799 2940 895 2988 autem
912 2949 1013 2990 uersus
1028 2937 1058 2990 iu
1072 2940 1304 3012 uniuscuiusque

311 3021 431 3090 paginae
453 3020 546 3076 fronte
568 3022 653 3076 recisi
674 3020 740 3087 sint,
766 3034 824 3074 non
840 3023 960 3075 constat.
1000 3024 1086 3078 unius
1101 3031 1180 3086 certe
1196 3043 1304 3084 uersus

310 3107 462 3163 maximam
476 3112 587 3176 partem
601 3107 687 3161 recisi
701 3106 821 3174 uestigia
834 3105 864 3158 in
878 3104 968 3160 altero
983 3105 1050 3162 lolio
1062 3119 1202 3180 apparent
1213 3129 1305 3185 supra

310 3193 420 3265 primae
434 3197 463 3247 et
477 3200 596 3264 quartae
611 3191 761 3249 columnae
775 3190 934 3246 uersiculos
949 3193 1057 3260 primos
1072 3210 1123 3251 eos
1144 3201 1195 3267 qui
1212 3198 1303 3256 bodie

311 3281 362 3337 toti
373 3278 428 3349 legi
439 3283 569 3351 possunt,
584 3283 616 3334 ut
627 3283 738 3334 constet
748 3277 874 3346 singulas
885 3277 1001 3347 paginas
1012 3279 1059 3333 uel
1068 3281 1304 3342 columnasXXV

310 3367 460 3423 minimum
474 3380 577 3422 uersus
599 3364 763 3435 complexas
784 3379 859 3419 esse.
895 3369 1044 3433 praeterea
1058 3381 1124 3421 eum
1140 3385 1175 3424 ex
1190 3371 1303 3428 ambitu

311 3454 470 3524 scripturae
492 3467 567 3522 quae
590 3451 676 3508 bodie
698 3457 774 3507 extat
796 3452 917 3507 iormam
933 3449 1039 3507 codicis
1054 3452 1157 3524 integri
1172 3457 1302 3526 quadra-

311 3546 370 3597 tam
384 3541 474 3610 magis
489 3553 576 3609 quam
591 3536 743 3610 oblongam
759 3537 847 3593 inisse
862 3534 1011 3606 probabile
1027 3539 1073 3606 sit,
1099 3555 1157 3596 non
1179 3544 1302 3613 amplius

311 3642 398 3698 quam
419 3624 503 3683 binos
524 3625 571 3680 uel
594 3631 693 3681 ternos
715 3639 818 3679 uersus
839 3621 967 3678 abscisos
989 3639 1053 3679 esse
1069 3628 1207 3696 coniciaS,
1234 3646 1301 3686 cum

311 3715 481 3787 praesertim
495 3728 539 3784 ea,
565 3727 640 3782 quae
662 3713 690 3767 in
712 3712 796 3766 tertia
818 3708 878 3766 folii
892 3708 1010 3765 secundi
1026 3711 1157 3768 columna
1172 3720 1300 3771 extrema

312 3801 454 3870 leguntur,
480 3800 548 3857 licet
569 3813 627 3856 non
649 3799 852 3854 continuentur
874 3798 916 3852 eis
938 3811 1012 3866 quae
1035 3798 1064 3851 iu
1086 3799 1217 3854 eiusdem
1239 3801 1301 3859 folii
1337 3818 1339 3827 ’

271 3961 1344 3982 ΜΜΛΜΜΛΛΜΜΜΜΝΜΝᾺΜᾹΝΜΛΜΑΜΛΛΜΑΛΜ

338 4068 356 4133 ¹)
382 4068 509 4120 Pluribus
530 4070 564 4120 de
583 4073 694 4122 auctore
711 4067 923 4130 fragmentorum
943 4065 1151 4130 disputauerunt
1164 4069 1301 4135 Boeclring
1319 4074 1345 4122 et

270 4137 396 4190 llnscblie
409 4139 436 4188 in
448 4137 658 4203 praelationibus
668 4138 819 4190 editionum
831 4136 866 4186 ab
879 4136 943 4199 ipsis
955 4137 1120 4185 curetarum.
