3010 4738
243 390 498 451 Psalmo-em
621 422 707 437 --
752 388 812 452 134
854 422 942 436 ..-

243 578 407 657 conuictis,
425 580 452 641 si
468 579 661 641 honestiores
676 588 761 657 sunt,
780 581 872 641 tertia
886 598 960 659 pars
975 577 1127 640 bonorum
1143 579 1277 659 eripitur
1291 587 1323 640 et

243 667 276 725 in
298 666 432 728 insulam
454 665 648 746 relegantur:
674 666 858 727 humiliores
880 667 911 726 in
935 666 1094 727 metallum
1118 663 1320 726 damnantur.

206 753 222 812 l
242 749 385 814 Creditur
406 751 679 832 chirograpbarius
698 753 726 814 si
741 752 811 813 sine
826 753 915 813 iussn
938 750 1093 830 praesidis
1107 769 1165 832 per
1179 751 1251 826 uim·
1263 750 1322 812 de-

160 837 163 841 ’
242 835 353 898 bitoris
368 837 417 897 sui
431 837 573 917 pignora,
592 856 664 900 cum
678 857 741 899 non
757 836 889 900 baberet
904 836 1056 917 obligata,
1075 836 1206 917 ceperit,
1225 837 1258 897 in
1272 837 1321 898 le-

241 940 311 1002 gem
333 922 442 986 Iuliam
465 923 505 985 de
526 924 560 985 ui
582 925 707 1002 priuata
728 924 904 985 committit.
952 922 1100 986 fiduciam
1121 942 1196 985 uero
1217 930 1250 984 et
1270 923 1356 1002 pi-e

241 1027 336 1089 gnora
358 1007 443 1090 apud
462 1028 496 1071 se
522 1007 665 1090 deposita
685 1011 835 1089 persequi
858 1019 890 1071 et
912 1011 980 1072 sine
1002 1010 1185 1071 auctoritate
1207 1008 1321 1071 iudicis

239 1094 403 1158 uindicare
418 1114 480 1157 non
496 1094 691 1175 prohibetur.

479 1283 567 1366 [nvn
611 1303 649 1345 ln
671 1301 766 1345 crona
788 1301 889 1345 rvrurr
912 1283 1083 1364 recrearas]

326 1405 357 1466 Si
375 1406 447 1485 quis
462 1403 599 1466 fiscalem
612 1405 778 1483 pecuniam
801 1404 1015 1467 attrectauerit
1030 1402 1226 1484 subripuerit
1250 1422 1320 1465 mu-

240 1491 356 1552 tauerit
368 1509 426 1552 seu
441 1491 474 1552 in
490 1509 561 1552 suos
575 1509 653 1552 usus
669 1492 877 1570 conuerterit,
901 1492 934 1551 in
950 1490 1162 1570 quadruplum
1178 1491 1247 1553 eius
1262 1508 1319 1569 pe·
1341 1505 1371 1550 lo

240 1578 351 1638 cuniae
368 1594 462 1656 quarn
478 1576 606 1639 sustulit
621 1576 858 1638 condemnatur.

437 1763 537 1845 [urm
580 1783 618 1825 su
641 1782 736 1827 prosu
758 1782 857 1825 rrnurr
880 1765 1119 1846 nrrnrvumrvrr]

326 1883 448 1947 ludices
463 1884 597 1966 pedanei
614 1884 640 1945 si
656 1888 792 1965 pecunia
803 1887 939 1967 corrupti
956 1883 1113 1964 dicantur,
1131 1885 1319 1965 plerumque

240 1970 416 2050 apraeside
439 1981 494 2032 aut
517 1973 602 2032 curia
618 1970 847 2033 submouentur
868 1982 922 2033 aut
937 1972 976 2033 in
998 1971 1129 2033 exilium
1149 1973 1319 2032 mittuntur

240 2067 293 2119 aut
308 2055 348 2119 ad
363 2068 488 2139 tempus
503 2058 694 2137 relegantur.
1339 2071 1371 2116 to

479 2245 555 2327 [xxix
598 2264 635 2306 sn
658 2263 751 2308 crass
773 2265 873 2309 rrrun
896 2234 1074 2326 rrlrrsrarrs]

119 2372 122 2377 '
203 2370 214 2428 l
325 2368 405 2446 Lege
427 2367 505 2428 Iulia
526 2367 700 2428 maiestatis
723 2375 852 2428 tenetur
866 2365 911 2445 is,
935 2368 1026 2428 ouius
1041 2385 1098 2448 ope
1115 2366 1244 2427 consilio
1260 2364 1318 2441 ad-

177 2522 189 2537 x
240 2471 351 2515 uersus
374 2455 593 2532 imperatorem
609 2452 660 2514 uel
676 2471 742 2514 rem
764 2451 921 2534 publicam
937 2471 1023 2514 arma
1038 2461 1119 2513 mota
1135 2460 1210 2514 suut
1225 2470 1318 2513 exer-

239 2539 360 2600 citnsuo
376 2538 445 2600 eius
466 2538 499 2600 in
514 2537 646 2599 insidias
669 2538 825 2600 deductus
840 2549 903 2615 est,
930 2539 1026 2618 quiue
1043 2538 1165 2600 iniussu
1181 2538 1318 2617 impera-

239 2627 313 2686 toris
336 2622 456 2687 bellum
477 2625 609 2704 gesserit
630 2621 824 2687 dilectumue
847 2624 1008 2701 babuerit,
1035 2626 1208 2686 exercitum
1231 2641 1318 2684 oom-
1337 2636 1370 2682 zo

235 2712 397 2791 parauerit
418 2710 652 2784 sollicitauerit‚
682 2709 857 2772 deseruerit
879 2713 1110 2792 imperatorem.
1157 2710 1205 2771 his
1225 2718 1318 2771 antea

236 2798 269 2857 in
285 2805 474 2876 perpetuum
490 2814 572 2876 aqua
594 2804 625 2857 et
640 2798 706 2877 igni
729 2795 992 2859 interdicebatur:
1018 2815 1104 2858 nuno
1119 2815 1197 2858 uero
1211 2796 1318 2858 humi-

236 2882 330 2942 liores
341 2880 451 2943 bestiis
466 2881 646 2944 obiciuntur
660 2884 714 2943 uel
725 2885 791 2944 uiui
803 2893 990 2960 exuruntur,
1008 2883 1204 2945 honestiores
1215 2883 1318 2961 capite

236 2969 422 3044 puniuntur.
472 2967 556 3046 quod
577 2970 698 3030 crimen
720 2987 783 3029 uon
813 2968 914 3030 solum
938 2967 1038 3048 lacto,
1070 2968 1126 3031 sed
1150 2978 1181 3029 et
1208 2966 1318 3030 uerbis

199 3051 218 3111 2
237 3051 343 3131 impiis
364 3070 400 3112 ac
421 3052 597 3114 maledictis
619 3055 754 3115 maxime
776 3053 993 3116 exacerbatur.
1046 3056 1081 3117 ln
1101 3073 1190 3116 reum
1218 3054 1317 3115 maie·
1336 3066 1368 3113 oe

237 3139 326 3200 statis
349 3138 467 3218 inquiri
488 3139 577 3219 prius
598 3139 763 3218 conuenit,
789 3138 908 3220 quibus
923 3137 1053 3220 opibus,
1080 3160 1142 3222 qua
1168 3139 1312 3217 faotione,

237 3223 354 3305 quibus
369 3226 425 3286 hoc
440 3223 621 3288 auctoribus
637 3224 763 3288 lecerit:
787 3228 867 3288 tanti
889 3227 974 3288 enim
996 3227 1137 3289 criminis
1158 3245 1232 3288 reus
1253 3243 1315 3287 non

236 3310 368 3373 obtentu
398 3308 587 3373 adulationis
613 3312 764 3391 alicuius,
790 3312 849 3376 sed
869 3313 971 3394 ipsius
990 3313 1120 3376 admissi
1144 3330 1236 3374 causa
1255 3329 1317 3390 pu·

236 3396 373 3459 uiendus
394 3405 457 3475 est,
482 3408 513 3458 et
528 3397 616 3478 ideo,
642 3416 714 3460 cum
729 3396 769 3461 de
786 3418 822 3460 eo
838 3400 1018 3479 quaeritur,
1044 3400 1129 3461 nulla
1146 3397 1284 3478 dignitas
1298 3416 1316 3458 a

236 3484 401 3546 tormentis
417 3483 582 3563 excipitur.
1334 3495 1367 3542 eo

499 3671 578 3754 [xxxx
623 3692 661 3734 ru
683 3692 777 3736 crasa
799 3691 899 3737 rvnurr
920 3673 1053 3756 rnrrrrs]

321 3794 479 3856 Petiturus
493 3793 696 3874 magistratus
710 3795 762 3856 uel
784 3795 966 3875 prouinciae
981 3792 1188 3857 sacerdotium
1205 3796 1232 3856 si
1247 3804 1315 3856 tur-

235 3876 309 3940 bam
331 3880 548 3960 suffragiorum
570 3898 663 3942 causa
678 3879 881 3958 conduxerit,
909 3899 1018 3943 seruos
1039 3879 1241 3942 aduocauerit
1256 3880 1315 3942 ali·

240 4068 268 4077 mx
278 4067 488 4079 xnmnmthvwxn
866 4069 1063 4089 ΑΝΛΛνννκΛΛΛΎκ
1069 4069 1157 4081 xlxrvx‘m
1168 4072 1170 4077 ι
1184 4072 1187 4079 l
1197 4070 1286 4082 xrxnmvx
1292 4067 1315 4081 η’

303 4206 317 4250 ³
337 4216 386 4267 per
397 4205 469 4264 dett,
484 4207 531 4254 aut
544 4206 571 4255 ll
599 4204 611 4268 fl
640 4209 654 4255 9
674 4206 840 4271 subripuerit
851 4218 901 4255 om.
917 4205 946 4254 ll
