3010 4738
231 325 305 376 rau.
320 327 366 387 ιιι,
380 328 446 375 s-e
619 358 705 370 .-
750 322 791 385 36
835 357 920 369 ..-

229 522 292 574 tem
308 511 452 575 defuncti
467 512 602 591 iaciunt,
629 521 665 574 ut
680 513 821 593 indignis
835 510 979 574 aufertur
994 510 1173 589 hereditas,
1191 512 1217 573 si
1233 511 1315 572 nihil

230 607 418 660 testamento
433 600 465 660 iu
482 597 626 660 fraudem
641 599 720 683 legis
736 598 832 661 luerit
846 607 984 661 cautum.

173 771 209 830 ll
316 771 391 832 Siue
407 769 519 832 laisum
534 771 604 831 siue
617 779 746 850 ruptum
763 771 831 831 siue
847 771 973 831 irritum
989 768 1113 831 dicatur
1128 788 1198 832 esse
1213 778 1312 832 testa-

229 866 387 935 mentum,
418 856 505 918 salua
528 874 636 917 eorum
660 853 887 935 disceptatione
911 857 1049 936 scriptus
1071 856 1165 917 heres
1187 857 1255 917 iure
1277 856 1310 917 in

172 942 209 1001 45
228 943 458 1023 possessiouem
480 942 560 1003 mitti
582 941 754 1003 desiderat.
802 942 835 1002 Si
851 940 1107 1003 inter-heredem
1131 942 1310 1003 institutum
1331 952 1349 997 s

229 1037 261 1089 et
276 1025 482 1089 substitutum
505 1027 718 1089 controuersia
733 1029 784 1104 sit,
803 1028 903 1108 magis
917 1028 1020 1109 placet
1042 1028 1163 1090 eumin
1184 1046 1311 1108 posses-

229 1114 348 1175 sionem
365 1132 473 1175 rerum
496 1113 762 1176 hereditariarum
778 1114 877 1192 mitti,
903 1115 958 1194 qui
974 1114 1076 1194 primo
1090 1114 1157 1175 loeo
1172 1115 1311 1194 scriptus

171 1200 208 1258 le
228 1209 288 1262 est.
327 1201 471 1280 Scriptus
486 1200 581 1261 heres
596 1209 632 1261 ut
647 1200 751 1261 stetim
766 1201 799 1261 in
815 1200 1045 1280 possessionem
1061 1200 1214 1274 mittatur,
1240 1201 1311 1261 iure

170 1284 208 1346 l7
228 1285 399 1359 desiderat.
445 1286 504 1348 hoe
525 1292 596 1366 post
615 1304 734 1349 annum
758 1287 928 1366 impetrare
951 1305 1015 1348 non
1039 1287 1163 1366 poterit.
1210 1288 1245 1347 ln
1273 1306 1310 1348 eo

185 1444 187 1449 ¹
226 1380 414 1434 testamento
436 1372 529 1433 heres
551 1373 700 1452 scriptus,
726 1371 810 1452 quod
833 1390 937 1452 neque
960 1382 996 1434 ut
1017 1373 1156 1452 oportuit
1170 1369 1309 1434 oblatum
1332 1384 1370 1428 ro

226 1476 286 1519 uec
300 1456 429 1538 publice
453 1459 616 1519 recitatum
633 1467 697 1535 est,
725 1460 757 1519 io
772 1461 1000 1537 possessionem
1017 1459 1099 1519 mitti
1120 1457 1238 1520 frustra
1253 1457 1311 1519 de-

170 1544 207 1602 l8
228 1542 357 1605 sideret.
390 1543 424 1604 lu
440 1545 669 1623 possessiouem
686 1563 795 1604 earum
812 1562 931 1622 rerum,
950 1562 1028 1623 quas
1044 1545 1152 1606 mortis
1167 1554 1310 1623 tempore

226 1638 357 1692 testator
372 1647 434 1689 non
449 1628 602 1709 possedit,
622 1630 715 1692 heres
730 1631 878 1709 scriptus,
896 1632 1082 1710 priusquam
1098 1630 1167 1692 iure
1181 1630 1307 1693 ordina-

228 1716 274 1776 rio
291 1715 485 1794 experiatur,
505 1714 646 1796 improbe
661 1716 743 1777 mitti
760 1715 932 1777 desiderat.

738 1902 793 1985 oc
1330 1915 1368 1960 ⁴⁵

312 2021 483 2102 *litterae,
503 2023 619 2104 quibus
635 2021 795 2085 hereditas
810 2023 1004 2104 promittitur
1019 2024 1071 2085 uel
1089 2025 1184 2085 aninri
1201 2022 1309 2085 adiec-

226 2106 296 2169 *tus
313 2110 510 2190 exprimitur,
530 2112 595 2171 uim
612 2109 826 2171 codicillorum
841 2129 903 2171 uon
919 2107 1097 2171 obtinent*

626 2297 668 2378 [vr
711 2316 748 2359 nn
770 2297 904 2379 inerms]

125 2419 127 2423 ’
190 2418 201 2475 l
312 2419 370 2480 Per
384 2419 637 2500 praeceptionem
661 2418 717 2478 uni
734 2430 774 2477 ex
789 2416 963 2478 heredibus
978 2419 1099 2478 nummi
1115 2418 1227 2497 legati,
1252 2419 1307 2497 qui

226 2503 387 2565 dominon
404 2514 513 2582 erant,
538 2502 639 2565 officio
654 2501 769 2564 iudicis
785 2502 924 2565 familiae
939 2502 1165 2565 herciscundae
1182 2524 1199 2566 a
1216 2503 1309 2565 eohe-
1329 2517 1366 2562 so

188 2589 356 2653 iredibus
385 2588 641 2671 praestabuntur.
688 2589 769 2650 Ante
798 2588 928 2651 heredis
956 2590 1185 2651 institutionem
1210 2591 1306 2670 legari

225 2695 286 2736 non
309 2686 426 2756 potest:
452 2677 535 2737 inter
557 2674 679 2738 medias
701 2674 855 2737 heredum
878 2675 1109 2753 institutiones,
1135 2676 1205 2737 siue
1227 2677 1309 2738 alter

224 2764 293 2823 siue
309 2772 441 2842 uterquc
456 2760 558 2839 adeat,
577 2769 691 2842 potest.
716 2760 877 2823 interdum
889 2759 1068 2839 dimidium,
1087 2760 1247 2823 interdum
1259 2770 1308 2823 to-

224 2858 292 2908 tum
307 2845 459 2909 debetur:
483 2845 667 2925 dimidium,
694 2848 721 2908 si
745 2846 1064 2927 per'uindicationem
1087 2847 1225 2927 legatum
1246 2850 1304 2910 ait:

187 2932 204 2990 3
224 2942 342 3011 totum,
381 2934 408 2994 si
437 2951 497 3013 per
518 2932 762 2995 damnationem.
808 2933 897 2993 *Post
917 2932 1002 2999 diem
1025 2934 1118 3014 legati
1141 2933 1306 2995 cedentem
1328 2947 1365 2993 so

224 3016 332 3096 *aetio,
352 3036 433 3097 quae
449 3018 591 3080 inchoata
602 3038 665 3079 non
678 3027 735 3095 est,
756 3016 795 3079 ud
808 3017 959 3080 heredem
976 3039 1037 3080 non
1052 3020 1308 3082 transmittitur*

188 3105 204 3163 l
226 3103 390 3164 Communi
413 3122 506 3165 seruo
522 3123 593 3165 cum
608 3103 756 3165 libertate
779 3114 811 3165 et
826 3106 895 3165 sine
909 3104 1057 3166 libertate
1076 3106 1174 3185 legari
1190 3114 1303 3185 potest,

187 3190 205 3249 5
224 3198 387 3269 totumque
407 3190 544 3270 legatum
560 3190 643 3251 socio
664 3191 822 3252 testatoris
844 3190 1035 3271 adquiritur.
1083 3192 1152 3252 Post
1175 3201 1307 3253 mortem

224 3274 353 3336 heredis
373 3274 471 3356 legari
494 3294 557 3337 non
578 3285 697 3356 potest,
723 3277 798 3355 quia
813 3277 891 3338 nihil
907 3277 948 3339 ab
963 3276 1080 3339 herede
1104 3275 1232 3339 heredis
1255 3297 1307 3340 re-

187 3364 205 3422 6
225 3362 326 3442 linqui
341 3371 455 3442 potest.
503 3363 536 3423 ln
553 3364 661 3424 mortis
677 3371 803 3442 tempus
818 3371 881 3425 tam
897 3382 970 3425 suae
986 3382 1079 3444 quam
1096 3363 1224 3425 heredis
1238 3365 1307 3426 eius
1326 3377 1364 3423 ao

225 3516 246 3528 lv
250 3514 858 3530 mmmmwwwwmnwumavv
863 3515 1306 3530 WMvavxmxwumMsxAlvxmmlw

294 3589 371 3634 διε-τ
386 3585 445 3648 Dtp.
462 3588 504 3644 29,
520 3587 544 3644 7,
562 3589 590 3632 ι’]
622 3584 632 3647 ΙΙ
664 3589 687 3647 6,
704 3589 763 3634 ³=
779 3586 937 3637 Consultatio
951 3589 1005 3646 o,9

229 3706 235 3713 ⁹
253 3704 426 3718 vxtvvvvvwm)
430 3703 634 3716 υνυυνιιννιΛιυιΛι
638 3704 698 3717 ,ΛΑΝ
702 3704 728 3717 „m
733 3705 744 3716 ,ι
748 3703 809 3717 uum)
813 3703 825 3717 sl
829 3704 905 3717 υυυνν
909 3703 1000 3717 αυυυυυ
1004 3703 1222 3718 κΛΛΛΛΛΛΛΛΛΛΛΙνν
1229 3707 1239 3718 υ
1245 3708 1281 3721 nm
1285 3707 1309 3721 ιΛ

293 3790 606 3856 eplacetld,placuitl.
637 3791 647 3854 ΙΙ
678 3793 855 3856 timpetrsre
869 3793 898 3851 L,
913 3794 971 3842 iure
983 3793 1163 3856 impetrariM
1192 3790 1204 3854 ΙΙ
1234 3795 1260 3840 tt
1279 3795 1307 3841 in

224 3863 296 3920 dett,
310 3860 389 3911 heres
403 3861 519 3924 scriptus
532 3861 559 3909 in
574 3859 621 3909 Ml.
660 3857 671 3922 ΙΙ
712 3865 744 3911 22
763 3861 831 3911 alter
848 3862 908 3911 siue
925 3864 1039 3924 uterque
1056 3860 1137 3911 adeat
1155 3861 1307 3922 Stehorder,

224 3932 283 3979 siue
301 3929 379 3979 aliter
400 3929 476 3991 (alter
486 3930 558 3991 dett.)
580 3930 639 3979 siue
657 3932 687 3978 ut
705 3930 766 3993 quis
778 3929 858 3980 adeat
873 3930 980 3991 (undeet
993 3931 1028 3991 Μ)
1044 3931 1142 3980 codices
1178 3929 1189 3991 ΙΙ
1227 3932 1259 3978 at
1273 3931 1309 3980 sit

223 3999 311 4048 totum
324 3999 346 4048 si
359 4000 431 4057 dett,
452 3999 474 4047 si
487 4000 574 4047 totum
588 3997 636 4047 ML
677 3997 688 4060 ΙΙ
729 4002 761 4048 29
781 3998 815 4048 ah
828 3998 942 4048 heredes
954 3998 1048 4048 heredi
1061 3999 1091 4058 L,
1105 3998 1139 4049 ah
1151 3999 1198 4050 hh.
1213 3998 1307 4049 heredi

226 4067 252 4116 u
293 4065 304 4129 ΙΙ
345 4071 376 4115 tt
396 4080 461 4116 suae
477 4067 532 4128 (sua
546 4063 619 4127 llll,
633 4079 710 4117 suam
724 4067 765 4130 pa]
781 4082 807 4131 q.
822 4067 932 4118 heredis
948 4067 1019 4127 (·des
1033 4068 1091 4130 Ml.)
1107 4068 1174 4131 eius]
1189 4072 1311 4130 expectes

223 4135 343 4197 legatarii
358 4148 440 4198 φιαιιι
453 4135 562 4191 heredis
