3006 4736
227 327 288 392 vrp.
303 330 345 375 ss.
361 329 393 374 ss
621 357 706 371 ...-
750 325 790 386 36
833 357 920 371 ...-

227 533 305 593 nae,
336 516 411 576 item
441 513 552 576 liberis
576 512 798 593 parentibusue
824 515 949 592 patroni
980 521 1189 594 patronaeue:
1221 524 1311 576 sexto

228 602 298 662 uiro
313 603 423 662 uxori:
441 602 576 680 septimo
587 600 728 680 cognatis
738 600 987 679 manumissoris,
1004 598 1123 678 quibus
1137 619 1195 680 per
1210 600 1310 681 legem

227 688 352 749 Furiam
368 686 440 767 plus
456 686 541 747 mille
552 703 638 747 asses
654 704 767 764 capere
782 685 874 746 licet:
894 695 926 747 et
941 687 967 746 si
982 704 1075 747 nemo
1087 688 1139 765 sit,
1158 685 1198 747 ad
1213 705 1309 766 quem

228 772 380 835 bonorum
401 773 556 853 possessio
570 773 730 850 pertinere
745 772 859 851 possit,
885 781 939 833 aut
954 773 995 833 sit
1016 771 1162 851 quidem,
1188 772 1245 834 sed
1260 775 1310 834 ins

228 879 321 921 suum
342 860 498 934 omiserit,
525 859 640 938 populo
663 857 744 918 hona
765 856 955 919 deferuntur
970 877 1010 918 ex
1030 859 1098 937 iege
1115 859 1192 920 luiia
1211 858 1344 922 cado-s

190 947 209 1004 8
228 947 322 1006 caria.
352 944 473 1006 Liberis
488 942 642 1004 bonorum
657 944 814 1023 possessio
829 942 925 1004 datur
939 953 1002 1005 tam
1018 943 1085 1022 his,
1104 946 1157 1023 qui
1173 946 1205 1004 in
1221 953 1310 1025 pote-

228 1041 306 1092 state
332 1032 489 1111 usquein
512 1030 621 1090 mortis
644 1038 770 1109 tempus
792 1027 938 1108 fuerunt,
968 1048 1063 1110 quam
1086 1032 1303 1107 emancipatis:

191 1119 209 1178 9
228 1118 303 1178 item
325 1117 499 1197 adoptiuis,
524 1125 708 1176 nontamen
726 1115 820 1175 etiam
837 1116 869 1175 in
891 1115 1088 1196 adoptionem
1103 1115 1195 1177 datis.
1236 1117 1311 1177 Pro-

226 1204 301 1263 ximi
325 1204 446 1282 cognati
462 1201 617 1263 honorum
633 1202 861 1282 possessionem
885 1202 1043 1282 accipiunt
1059 1221 1120 1262 non
1136 1202 1237 1264 solum
1252 1222 1310 1282 per

226 1287 372 1350 feminini
387 1307 482 1350 sexus
497 1306 661 1367 personam
678 1288 812 1367 cognati,
830 1287 888 1348 sed
904 1290 998 1348 etiam
1014 1290 1118 1368 agnati
1135 1291 1235 1366 eapite
1251 1288 1310 1349 de·
1329 1301 1360 1346 44

226 1377 357 1436 minuti:
384 1393 456 1435 nam
471 1374 545 1435 licet
559 1374 734 1453 legitimum
750 1374 800 1434 ius
815 1374 991 1453 agnationis
1007 1376 1117 1454 capitis
1134 1375 1308 1436 minutione

226 1461 400 1538 amiserint,
420 1469 531 1521 natura
546 1468 651 1520 tamen
667 1460 790 1538 cognati
805 1470 943 1520 manent.

169 1547 207 1606 40
311 1549 467 1607 Bonorum
490 1547 645 1626 possessio
661 1546 754 1607 datur
768 1544 953 1626 parentibus
976 1555 1006 1606 et
1022 1545 1132 1607 liberis
1154 1547 1237 1606 intra
1251 1565 1310 1606 an-

227 1652 319 1710 num,
345 1651 468 1711 exque
490 1641 596 1711 petere
618 1640 805 1711 potuerunt,
835 1632 948 1693 ceteris
971 1634 1052 1692 intra
1075 1642 1202 1693 centum
1225 1631 1306 1693 dies.

170 1718 203 1777 44
227 1719 288 1790 Qui
304 1737 412 1779 omnes
428 1719 509 1779 intra
526 1716 559 1778 id
580 1728 706 1796 tempus
721 1719 748 1777 si
764 1735 825 1778 non
842 1718 992 1796 petierint
1013 1717 1168 1779 honorum
1183 1736 1309 1798 posses·
1328 1730 1360 1776 45

227 1805 364 1880 sionem,
391 1821 529 1883 sequens
552 1802 669 1883 gradus
688 1803 882 1881 admittitur,
909 1802 1042 1883 perinde
1057 1815 1153 1883 atque
1170 1806 1196 1865 si
1212 1823 1309 1882 supe-

229 1892 329 1951 riores
344 1909 405 1950 non
423 1898 545 1950 essent:
566 1888 662 1968 idque
676 1908 735 1968 per
749 1898 870 1968 septem
887 1889 1004 1968 gradus
1019 1890 1063 1950 fit.

170 1975 209 2036 44
313 1977 362 2051 lii,
377 1975 495 2056 quibus
508 1995 547 2036 ex
555 1977 748 2037 successorio
759 1975 860 2036 edicto
872 1974 1188 2056 honorumpossessio
1200 1975 1305 2053 datur,

227 2062 361 2123 heredes
377 2061 505 2142 quidem
521 2081 584 2122 non
600 2072 685 2139 sunt,
704 2061 762 2123 sed
778 2061 907 2122 heredis
921 2063 986 2122 loco
1002 2064 1236 2124 constituuntur
1250 2061 1309 2123 be-

227 2148 338 2209 neficio
353 2149 518 2228 praetoris.
551 2146 687 2227 ideoque
703 2167 761 2209 seu
777 2148 835 2227 ipsi
852 2160 946 2227 agant
960 2166 1017 2209 seu
1032 2168 1103 2210 oum
1119 2149 1169 2209 his
1184 2158 1304 2227 agatur,
1327 2162 1359 2208 so

227 2235 350 2295 ficticiis
363 2234 535 2296 actionibus
552 2252 630 2313 opus
646 2244 703 2312 est,
722 2235 755 2294 in
767 2233 886 2313 quibus
898 2233 1035 2295 heredes
1047 2253 1117 2295 esse
1132 2234 1305 2314 finguntur.

170 2320 206 2379 43
311 2323 467 2381 Bonorum
489 2320 644 2400 possessio
659 2330 713 2380 aut
735 2339 805 2381 cum
822 2338 854 2379 re
877 2319 971 2381 datur
990 2330 1045 2381 aut
1067 2322 1137 2382 sine
1160 2341 1210 2382 re:
1236 2339 1306 2382 cum

226 2425 277 2486 re,
303 2425 371 2468 cum
394 2407 420 2467 is
442 2408 497 2485 qui
519 2406 640 2484 accepit
662 2425 732 2467 cum
757 2406 870 2467 effectu
891 2405 973 2467 hona
996 2408 1146 2468 retineat:
1170 2409 1305 2483 sinere,

226 2512 298 2554 oum
322 2493 401 2554 alius
422 2493 492 2553 iure
515 2492 603 2553 ciuili
624 2492 773 2552 euincere
796 2490 1002 2554 hereditatem
1023 2494 1138 2572 possit:
1164 2493 1265 2554 ueluti
1280 2493 1307 2552 si

226 2598 302 2641 suus
317 2579 410 2640 heres
426 2580 460 2639 in
474 2585 653 2639 testamento
661 2579 849 2657 praeteritus
865 2579 914 2656 sit,
934 2579 1001 2639 iicet
1015 2581 1137 2658 scrr'ptis
1148 2578 1307 2639 heredibus
1326 2591 1359 2638 ss

227 2665 391 2726 secusdum
412 2663 532 2725 tabutas
553 2663 699 2724 hortorum
716 2666 867 2742 possessio
883 2662 1058 2743 deferatur,
1084 2666 1143 2726 erit
1157 2672 1255 2726 tomen
1271 2683 1307 2726 eo

226 2750 381 2811 bonorum
410 2750 566 2829 possessio
591 2750 659 2811 sine
685 2768 738 2826 re,
771 2751 918 2829 quoniam
945 2768 1022 2811 suus
1044 2751 1139 2812 heres
1160 2751 1327 2813 euincere.

227 2835 432 2896 hereditatem
447 2837 516 2897 iure
532 2836 670 2915 legitimo
684 2843 794 2915 potest.

526 3023 605 3103 [xxix
648 3042 685 3084 nr
708 3044 792 3086 sorrrs
815 3024 1008 3103 ninnsronvu]

192 3142 204 3201 4
314 3143 399 3203 Ciuis
414 3143 543 3204 Romani
565 3142 671 3205 liberti
693 3143 898 3206 hereditatem
919 3144 971 3205 lex
992 3142 1160 3205 duodecim
1181 3143 1307 3206 tabula·
1326 3159 1358 3205 eo

121 3226 127 3242 ¹
228 3248 299 3290 rum
314 3237 442 3308 patrono
459 3227 577 3307 defert,
600 3232 627 3291 si
644 3231 790 3292 intestato
805 3232 873 3292 sine
888 3250 945 3292 suo
966 3228 1086 3290 herede
1102 3229 1235 3293 libertus
1250 3229 1308 3294 de-

227 3315 375 3377 cesserit:
406 3314 540 3394 ideoqne
562 3315 630 3377 siue
651 3325 837 3378 testamento
860 3316 940 3378 facto
964 3314 1111 3395 decedat,
1135 3317 1209 3378 licet
1229 3336 1307 3379 suus

227 3402 319 3464 heres
336 3401 364 3461 ei
387 3420 449 3461 non
473 3402 528 3479 sit,
552 3421 611 3463 scu
633 3403 793 3481 intestato,
819 3414 850 3464 et
865 3422 943 3463 suus
958 3402 1052 3463 heres
1068 3403 1096 3463 ei
1118 3404 1175 3481 sit,
1195 3422 1308 3483 quam-

227 3507 318 3570 quam
341 3506 403 3547 non
425 3486 593 3566 naturalis,
625 3487 683 3549 sed
704 3508 784 3549 uxor
806 3499 880 3569 puta
903 3489 1033 3567 quaein
1056 3508 1150 3550 manu
1173 3487 1231 3550 tuit
1254 3490 1305 3551 uel
1387 3543 1390 3549 ,

226 3573 395 3654 adoptiuus
417 3571 517 3652 iilius,
545 3574 597 3634 lex
617 3584 748 3653 patrono
770 3574 848 3635 nihil
870 3584 1017 3652 praestat.
1062 3575 1119 3635 sed
1141 3594 1180 3636 ex
1204 3574 1306 3636 edicto
1325 3587 1358 3633 ss

226 3660 398 3741 praetoris,
423 3677 481 3720 seu
495 3669 608 3720 testato
625 3658 757 3721 libertus
779 3661 945 3739 moriatur,
963 3669 998 3722 ut
1013 3671 1066 3721 aut
1082 3662 1162 3722 nihil
1177 3671 1231 3723 aut
1246 3663 1307 3722 mi·

227 3799 230 3803 >
259 3798 269 3808 Χ
273 3793 977 3810 ΑΛΛΛΛΝΝΜΙΜΝΧΛΜΛΝᾺΛΛΛΝΧΛΛΜΛΑΑΛΛΛΛΛΛΛΛᾺ
982 3797 1111 3811 ᾹΛᾹΛΛΛΛΝ
1115 3797 1127 3809 Κ
1132 3797 1306 3813 ᾹΛΛΛΑΛΛΛΛΜ

297 3869 306 3912 4
329 3864 423 3915 liberis
439 3862 633 3928 parentibusue
654 3864 784 3923 Ostanes,
804 3865 981 3916 liberosueC
1009 3865 1021 3929 ΙΙ
1051 3866 1271 3931 8adoptione0
1298 3866 1308 3934 ΙΙ

227 3938 242 3982 9
261 3936 433 3998 possessione
449 3932 468 3983 C
491 3933 501 3995 ΙΙ
528 3936 557 3981 44
577 3931 755 3984 diminutiaC
777 3932 788 3996 ΙΙ
812 3937 844 3982 44
860 3937 908 3984 aut
920 3949 982 3984 oum
995 3949 1025 3984 re
1038 3935 1125 3998 datur]
1139 3940 1230 3986 autem
1242 3936 1306 3986 red-

226 4003 347 4054 daturC
379 4003 389 4065 ΙΙ
423 4007 455 4052 ss
475 4015 537 4051 cum
556 4001 639 4064 Hugo,
659 4002 746 4052 oruc
779 4002 790 4065 11
824 4007 857 4053 44
876 4005 903 4052 in
922 4006 1153 4055 testamento...
1175 4009 1206 4053 44
1225 4007 1307 4055 eaud

227 4083 330 4120 senserat
346 4075 448 4133 scripsi,
468 4069 625 4122 intestatiC
658 4070 669 4134 ΙΙ
705 4075 736 4120 48
755 4073 881 4135 possitC
914 4073 925 4135 ΙΙ
960 4076 991 4121 34
1011 4087 1177 4136 quamquam
1202 4076 1305 4136 Vahlen,

227 4152 308 4202 quam
324 4138 344 4188 C
366 4141 377 4203 ΙΙ
401 4144 433 4189 46
452 4143 548 4190 testato
563 4139 693 4200 cetarius,
708 4143 866 4190 testamento
882 4140 901 4190 C
