3006 4736
578 343 665 357 ...
708 311 748 375 35
792 345 879 359 ...
1094 312 1153 378 vrp.
1169 315 1269 363 so-ts

186 497 227 560 ad
243 517 339 579 quem
351 498 418 578 lege
433 498 592 561 hereditas
602 499 798 562 honorumue
813 502 970 581 possessio
985 521 1057 564 oum
1070 521 1103 564 re
1119 504 1268 583 pertinet,

187 603 294 664 neque
311 583 407 646 frater
421 587 690 666 consanguineus:
715 585 801 666 qued
817 588 844 648 si
860 606 947 649 soror
969 591 1201 669 oonsanguinea
1216 590 1266 666 sit,

189 670 229 732 ad
244 680 396 751 utrasque
411 673 574 753 pertinere
590 671 719 734 iubetur
735 672 905 735 hereditas.

211 852 223 873 ⁸
314 859 403 941 [xxm
447 880 484 922 nn
507 879 689 923 ninanronvn
712 879 948 923 svoonssmmars
972 881 1025 922 rm
1049 862 1145 944 nouis]

154 980 165 1039 t
275 979 473 1042 Libertorum
493 982 713 1043 intestatorum
728 981 888 1043 hereditas
909 983 1048 1061 primum
1063 981 1104 1043 ad
1125 1002 1198 1046 suos
1213 985 1304 1046 he-tt

189 1067 282 1129 redes
303 1068 459 1146 pertinet,
484 1066 601 1129 deinde
622 1067 663 1129 ad
683 1087 752 1144 eos,
782 1084 915 1146 quorum
937 1066 1046 1129 liberti
1070 1078 1160 1147 sunt,
1184 1069 1272 1133 uelut

152 1155 170 1214 2
189 1163 355 1232 patronum
370 1162 532 1233 patronam
557 1153 717 1215 liberosue
732 1154 867 1233 patroni.
904 1155 936 1214 Si
952 1155 992 1215 sit
1006 1163 1157 1234 patronus
1180 1165 1211 1217 et
1226 1156 1272 1217 al-

189 1242 287 1301 terius
309 1240 432 1318 patroni
456 1238 554 1317 filius,
580 1238 620 1300 ad
635 1239 736 1301 solum
750 1248 917 1319 patronum
939 1240 1097 1303 hereditas
1117 1241 1268 1321 pertinet.

112 1326 128 1386 3
152 1328 169 1386 i
190 1327 267 1387 item
288 1326 412 1405 patroni
435 1325 519 1387 filius
534 1328 659 1405 patroni
682 1324 852 1406 nepotibus
868 1325 980 1387 obstet.
1012 1325 1061 1388 Ad
1082 1326 1199 1389 liberes
1214 1346 1272 1407 pa-

189 1422 351 1473 tronorum
367 1410 529 1472 hereditas
545 1410 686 1474 defuncti
702 1413 840 1493 pertinet
855 1415 907 1490 tta,
928 1422 963 1474 ut
979 1413 1012 1473 in
1029 1414 1142 1493 capita,
1160 1414 1271 1474 nonin
1291 1424 1322 1469 44

189 1500 303 1578 stirpes
319 1496 491 1560 diuidatur.

152 1584 170 1643 b
276 1585 447 1664 Legitimos
459 1582 646 1644 hereditatis
659 1585 718 1661 ius,
738 1583 823 1664 quod
836 1586 956 1664 exlege
968 1583 1135 1647 duodecim
1147 1584 1273 1647 tabula-

191 1689 261 1732 rum
277 1669 452 1746 descendit,
472 1670 584 1749 eapitis
600 1671 775 1732 minutione
791 1671 958 1732 amittitur.

443 1859 544 1940 [xxvm
586 1877 624 1919 nn
647 1877 882 1921 rossussmmavs
903 1859 1020 1939 nonnis]

155 1979 166 2038 t
276 1981 432 2040 Bonorum
454 1981 607 2058 possessio
629 1978 723 2041 datur
744 1988 799 2040 aut
819 1988 929 2041 eontra
948 1979 1073 2041 tabulas
1093 1983 1274 2044 testamenti
1294 1992 1325 2038 ts

190 2074 244 2126 aut
258 2065 423 2126 seeundum
436 2064 560 2126 tabulas
576 2072 631 2126 out
646 2066 796 2126 intestati.

153 2151 171 2211 2
278 2151 391 2212 Contra
413 2150 537 2212 tabulas
559 2150 713 2211 bonorum
740 2151 902 2230 possessio,
918 2149 1012 2211 datur
1033 2150 1143 2213 liberis
1166 2169 1275 2213 eman-

192 2238 302 2318 eipatis
324 2246 512 2298 testamento
527 2237 724 2316 praeteritis,
742 2237 816 2297 lieet
832 2236 974 2315 legitime
996 2254 1058 2296 non
1074 2237 1114 2297 ad
1131 2257 1183 2298 eos
1199 2257 1275 2317 per-

154 2323 170 2382 3
192 2325 289 2385 tineat
310 2322 480 2384 hereditas.
520 2324 677 2384 Bonorum
703 2325 858 2400 possessio
880 2331 989 2383 eontra
1015 2320 1138 2384 tabulas
1164 2322 1275 2385 liberis

191 2420 255 2470 tam
270 2408 466 2470 naturalibus
488 2427 582 2489 quam
598 2409 756 2489 adoptiuis
775 2409 885 2470 datur:
911 2407 970 2469 sed
990 2407 1189 2471 naturalibus
1204 2411 1276 2489 qui·
1294 2421 1325 2466 ao

192 2495 264 2556 dem
288 2496 507 2574 emancipatis,
533 2514 595 2555 non
617 2504 722 2556 tamen
740 2504 771 2556 et
787 2495 918 2575 illisqui
939 2495 972 2554 in
987 2493 1137 2574 adoptiua
1158 2493 1275 2556 familia

193 2592 284 2659 sunt,
317 2580 474 2660 adoptiuis
497 2591 602 2642 autem
624 2582 674 2642 his
696 2591 819 2642 tantum
841 2583 897 2660 qui
920 2582 951 2640 in
974 2589 1127 2658 potestate
1150 2600 1276 2642 manse-

155 2669 172 2726 i
192 2677 277 2729 runt.
303 2668 515 2747 Emancipatis
530 2667 639 2729 liberis
656 2686 696 2727 ex
711 2666 813 2728 edicto
828 2666 922 2729 datur
936 2665 1090 2727 bonorum
1105 2669 1273 2747 possessio,

191 2756 218 2814 si
235 2754 335 2833 parati
351 2762 425 2815 sunt
439 2773 553 2814 cauere
566 2752 724 2834 fratribus
740 2755 822 2832 suiS,
848 2755 903 2833 qui
920 2754 952 2813 in
974 2762 1129 2833 potestate
1150 2772 1276 2816 manse-

192 2850 277 2919 runt,
296 2839 377 2901 bona
393 2858 474 2919 quae
492 2841 644 2901 moriente
659 2849 749 2920 patre
765 2839 947 2901 habuerunt
962 2858 994 2899 se
1011 2839 1187 2901 collaturos.
1293 2851 1326 2896 45

155 2925 173 2983 5
279 2925 461 2988 Secundum
476 2925 600 2987 tabulas
621 2926 777 2989 bonorum
793 2926 947 3007 possessio
963 2925 1056 2986 datur
1076 2927 1202 3007 seriptis
1219 2927 1277 2987 he-

193 3011 341 3088 redibus,
366 3014 486 3074 seilicet
507 3015 533 3074 si
555 3031 681 3091 eorum,
705 3012 824 3093 quibus
840 3021 947 3074 eontra
968 3010 1092 3074 tabulas
1114 3014 1273 3094 competit,

156 3098 174 3157 6
193 3118 284 3160 neme
306 3099 361 3177 sit,
386 3108 440 3160 aut
457 3108 566 3178 petere
582 3100 693 3160 nolint.
734 3100 835 3159 Etiam
851 3100 878 3159 si
894 3099 962 3160 iure
985 3098 1071 3160 ciuili
1094 3118 1157 3159 non
1173 3100 1278 3161 ualeat

192 3193 429 3262 testamentum,
454 3185 533 3246 forte
554 3184 639 3265 quod
656 3184 792 3246 familiae
807 3185 997 3263 mancipatio
1018 3184 1071 3245 uel
1084 3186 1277 3265 nuncupatio

189 3268 306 3349 defuit,
325 3272 350 3332 si
367 3272 524 3350 signatum
540 3279 766 3332 testamentum
787 3272 906 3331 sitnon
923 3270 1028 3331 minus
1044 3284 1140 3350 quam
1155 3281 1276 3351 septem
1295 3282 1327 3327 ao

192 3357 320 3417 testium
336 3357 454 3417 oinium
470 3357 679 3417 Romanorum
695 3357 810 3436 signis,
830 3355 981 3417 bonorum
997 3358 1153 3436 possessio
1169 3356 1274 3417 datur.

155 3441 174 3501 7
280 3442 420 3503 intestati
443 3441 537 3503 datur
559 3441 713 3504 bonerum
739 3443 894 3520 possessio
916 3461 973 3532 per
994 3451 1114 3522 septem
1138 3441 1273 3521 gradus:

193 3529 296 3608 primo
308 3527 409 3608 gradu
424 3526 552 3588 liberis:
571 3527 709 3590 seeundo
721 3528 872 3608 legitimis
884 3527 1074 3590 heredibus:
1094 3529 1187 3589 tertio
1202 3546 1278 3606 pro-

192 3614 286 3675 ximis
302 3615 456 3693 cognatis:
477 3624 587 3692 quarto
600 3612 737 3675 familiae
749 3616 891 3695 patroni:
911 3616 1012 3694 quinto
1028 3623 1158 3694 patrono
1169 3623 1278 3693 patro-

194 3769 351 3782 svvvdvvvvvv

262 3853 417 3918 tiegemC
450 3852 461 3916 ΙΙ
498 3853 674 3918 SpatrumG
709 3854 719 3917 ΙΙ
758 3858 788 3901 to
809 3853 897 3915 itaut]
912 3854 994 3905 autC
1027 3853 1039 3916 ΙΙ
1075 3856 1102 3901 44
1125 3851 1243 3915 stirpeC
1269 3849 1279 3917 ΙΙ

192 3927 224 3972 46
237 3923 399 3985 seeundum]
414 3922 547 3973 aduersus
564 3922 591 3981 C,
607 3922 639 3984 cf.
653 3935 681 3972 44.
696 3926 728 3971 26
742 3928 803 3984 etp.
820 3926 863 3982 23,
878 3925 909 3971 28
934 3921 946 3984 ΙΙ
969 3925 1017 3972 aut
1030 3935 1079 3970 om,
1097 3920 1117 3971 C
1145 3921 1156 3984 11
1187 3926 1218 3970 48
1238 3921 1278 3971 le·

191 3995 285 4056 gitimo
302 3993 330 4054 C,
351 3993 469 4055 legitimo
482 3994 540 4042 iure
552 3993 702 4041 Lachmann
732 3991 743 4055 ΙΙ
774 3993 804 4039 nt
825 3990 984 4055 patribusC
1012 3990 1023 4052 ΙΙ
1053 3993 1084 4039 28
1104 3990 1241 4042 nollentC
1268 3988 1273 4095 p

193 4068 223 4109 444
237 4064 398 4112 testamento
414 4060 434 4111 C
456 4060 467 4123 11
492 4066 523 4110 tt
537 4059 721 4111 defuissem?
745 4060 756 4123 tt
787 4064 817 4109 34
832 4061 922 4109 intesti
938 4058 957 4109 0
981 4059 992 4122 ΙΙ
1017 4063 1047 4108 33
1061 4058 1247 4112 seeundumC
1268 4097 1272 4124 ,

193 4132 224 4178 at
238 4132 332 4194 quinto
348 4130 476 4189 optacius,
492 4143 541 4180 om.
559 4130 579 4180 C

1034 4212 1073 4262 3*
