3006 4736
258 261 331 311 Paul.
348 262 380 321 ll,
396 263 479 309 9—12
650 294 736 307 -.
780 263 821 323 64
864 293 951 306 .-

257 449 367 529 *pater
388 451 458 510 eius
484 447 524 510 de
548 450 580 510 in
608 467 675 512 rem
697 468 792 512 uerso
812 450 935 510 actione
961 447 1142 510 tenebitur:
1173 448 1234 528 ipsi
1257 448 1347 509 enim

257 535 398 596 *mortua
415 537 446 597 in
463 536 660 597 matrimonio
675 536 779 617 puella
796 536 944 616 repetitio
959 534 1041 596 dotis
1056 534 1183 596 datum*

462 743 491 822 [x
533 760 570 802 nn
592 761 715 803 ssarrrs
738 759 889 803 cousrsro
911 726 1132 820 uicmorr'rro]

258 857 261 862 ’
341 862 401 934 Qui
417 862 481 923 lilio
503 861 638 923 familias
661 872 768 923 contra
792 860 995 923 interdictum
1011 860 1197 940 amplissimi
1220 858 1344 922 ordinis

256 950 421 1027 pecuniam
437 958 578 1009 mutuam
595 946 779 1026 crediderit,
798 957 868 1028 post
882 957 1014 1008 mortem
1030 947 1130 1027 patris
1145 966 1186 1007 ex
1202 965 1238 1007 eo
1254 945 1342 1026 quod
1363 963 1380 1007 5

254 1036 330 1095 uino
345 1047 433 1114 patre
450 1033 588 1095 credidit
603 1053 673 1096 cum
691 1053 727 1095 eo
742 1054 836 1113 agere
852 1053 915 1094 non
930 1043 1044 1113 potest.

456 1244 493 1319 [xi
538 1258 576 1299 an
599 1258 724 1301 snrarvs
746 1258 915 1301 consvervu
938 1238 1130 1319 reinerium]

218 1364 228 1421 l
340 1361 371 1418 ln
389 1360 474 1420 omni
489 1378 607 1438 genere
629 1359 827 1439 negotiorum
843 1368 875 1419 et
889 1359 1115 1438 obligationum
1135 1370 1198 1419 tam
1214 1378 1272 1438 pro
1287 1360 1341 1420 ui-

216 1451 234 1510 2
253 1447 296 1506 ris
312 1464 407 1524 quam
422 1464 479 1524 pro
495 1443 621 1506 feminis
636 1444 835 1508 intercedere
852 1446 1000 1506 mulieres
1016 1436 1238 1524 prohibentur.
1271 1447 1341 1506 Mu-

254 1533 322 1608 lier,
341 1549 423 1610 quae
439 1550 496 1611 pro
517 1530 676 1592 tutoribus
691 1532 828 1592 filiorum
850 1549 978 1592 suornm
1000 1530 1241 1593 indemnitatem
1263 1551 1339 1611 pro·
1361 1547 1393 1592 to

215 1618 356 1694 3misit,
384 1615 425 1677 ad
451 1616 642 1679 beneficium
673 1627 801 1678 senatus
828 1617 961 1678 consulti
992 1635 1055 1676 non
1081 1618 1228 1697 pertinet.
1283 1615 1336 1678 *Si

255 1702 456 1781 *decipiendi
473 1704 595 1780 animo,
620 1705 673 1764 uel
689 1722 761 1764 cum
777 1705 872 1764 sciret
888 1723 922 1764 se
938 1722 1000 1764 non
1017 1705 1130 1781 teneri,
1151 1703 1265 1764 mulier
1279 1722 1336 1783 pro

253 1788 378 1867 *aliquo
393 1790 626 1866 intercesserit,
646 1792 789 1869 exceptio
806 1791 835 1850 ei
850 1799 978 1850 senatus
993 1790 1127 1850 consulti
1142 1808 1205 1849 non
1221 1789 1333 1850 datur:

250 1875 421 1934 *actionem
438 1875 539 1953 enim,
564 1894 646 1955 quae
663 1877 695 1937 in
710 1876 816 1937 dolum
834 1876 977 1936 mulieris
991 1877 1158 1955 competit,
1177 1876 1336 1955 amplissi-

215 1964 231 2021 l
251 1959 432 2022 *musondo
448 1980 509 2022 non
526 1962 676 2024 excludit.
714 1964 898 2024 Procurator
912 1961 939 2022 si
955 1960 1105 2022 mandatu
1120 1963 1263 2022 mulieris
1278 1980 1336 2041 pro
1358 1978 1392 2024 ⁴5

251 2046 329 2107 *alio
342 2047 568 2127 intercesserit,
587 2040 770 2129 exceptione
785 2059 914 2111 senatus
929 2048 1063 2108 consulti
1075 2048 1228 2109 Velleiani
1244 2047 1337 2108 adiu-

250 2134 373 2211 *uatur,
392 2153 433 2196 ne
448 2134 525 2195 alias
540 2137 620 2196 actio
635 2133 837 2196 intercidat*

639 2342 689 2421 [ru
732 2358 769 2400 nn
791 2341 945 2419 osrosrro]

213 2462 224 2519 l
335 2460 519 2540 *iteponere
535 2478 703 2539 possumus
715 2458 801 2539 apud
815 2460 913 2521 alium
929 2458 961 2520 id
977 2457 1061 2539 quod
1077 2459 1177 2520 nostri
1193 2460 1273 2520 iuris
1285 2470 1334 2520 est

212 2545 320 2607 2*nel
340 2548 448 2606 alieni.
488 2546 670 2625 Depositum
695 2557 743 2607 est
760 2547 849 2625 quasi
872 2545 929 2606 diu
950 2547 1099 2625 positum.
1139 2543 1332 2606 seruandum
1352 2561 1386 2608 2⁰

210 2634 228 2692 3
248 2630 325 2707 *est,
344 2631 429 2711 quod
445 2631 485 2693 ad
501 2631 600 2693 breue
621 2642 748 2712 tempus
764 2630 1005 2692 custodiendum
1022 2631 1126 2692 datur.
1166 2632 1331 2711 Deponere

248 2716 396 2778 *uidetur
416 2720 470 2797 qui
492 2720 524 2779 in
547 2729 634 2779 metu
657 2720 767 2780 ruinae
790 2718 930 2778 incendii
952 2717 1105 2796 naufragii
1128 2717 1214 2797 apud
1235 2719 1330 2778 alium

211 2800 426 2864 l*custodiae
449 2823 542 2864 causa
566 2803 707 2883 deponit.
747 2804 913 2882 Deponere
935 2803 1066 2864 uidetur
1087 2813 1119 2865 ct
1134 2805 1178 2881 is,
1204 2805 1259 2882 qui
1275 2822 1331 2864 su-

246 2889 403 2965 *spectam
432 2888 555 2950 habens
575 2891 627 2950 uel
650 2891 755 2949 minus
776 2887 921 2948 idoneam
948 2889 1122 2950 custodiam
1145 2888 1256 2950 domus
1278 2890 1331 2951 uel

245 2973 332 3033 *uim
353 2973 510 3034 latronum
525 2975 640 3035 timens
655 2974 740 3053 apud
756 2975 894 3053 aliquem
908 2994 974 3035 rem
991 2976 1230 3037 custodiendam
1245 2994 1330 3035 com·
1350 2992 1382 3038 25

209 3061 227 3119 5
245 3058 402 3118 *modat*
439 3061 472 3120 Si
488 3061 645 3121 sacculum
661 3061 714 3121 uel
729 3071 896 3138 argentum
913 3062 1071 3139 signatum
1087 3062 1278 3142 deposuero,
1299 3072 1330 3121 et

220 3180 222 3185 ,
248 3147 273 3205 is
295 3164 394 3224 penes
415 3164 511 3225 quem
534 3146 712 3226 depositum
736 3145 796 3208 luit
816 3166 866 3207 me
892 3148 992 3208 inuito
1014 3148 1270 3209 contrectauerit.
1298 3156 1330 3208 et
1415 3200 1418 3207 .

195 3236 229 3294 5²
246 3231 382 3311 depositi
399 3242 430 3292 et
447 3230 523 3293 furti
540 3233 619 3294 actio
635 3233 711 3294 mihi
728 3233 760 3294 in
778 3252 849 3294 eum
866 3236 1024 3312 competit.
1048 3235 1101 3295 *Si
1117 3232 1157 3295 ex
1171 3234 1329 3314 permissu

248 3403 250 3407 ¹
255 3401 294 3414 ism-
299 3403 308 3416 *x
313 3396 1304 3417 WQVx'VVWVN-'vvvwwlxwvvuvvvwvvxsvvvvvxsvxtvvvvvvvvvvvvtlvvxsvvvvvwv
1311 3405 1329 3416 Α

316 3491 676 3555 rr,a.t=ut9.rc,r‚ao
702 3492 713 3555 ιι
737 3494 902 3552 ra‚r-t=
919 3490 1196 3553 Colluctari-t
1220 3491 1232 3555 ιι
1256 3495 1326 3551 rna

247 3580 278 3603 =
295 3561 457 3620 cotiarum,
472 3562 496 3621 r,
514 3564 537 3608 a.
559 3560 618 3623 uoq.
634 3565 675 3620 ro,
691 3566 715 3621 a,
730 3565 761 3610 ao
774 3574 816 3622 pr.
843 3561 854 3623 ιι
879 3565 920 3623 re,
937 3566 965 3610 aa
978 3582 1009 3604 =
1024 3561 1083 3624 uoq.
1101 3565 1141 3622 ro,
1157 3565 1182 3621 a,
1198 3564 1265 3621 aar

516 3696 700 3709 r‘x‘vx-'va'x'xssst
708 3698 725 3707 *¹*
737 3698 743 3709 x
750 3695 1326 3709 ‘ulvaszmxmxnnnnA-vxmnAmvvvvxmvvuwvx

317 3807 345 3849 tt
365 3815 429 3865 pro,
450 3803 517 3863 qood
534 3806 622 3852 tactor
635 3802 829 3861 interpretatio,
848 3803 897 3851 dcl.
915 3801 1036 3851 Goiocr'os
1049 3807 1151 3851 secutos
1166 3801 1226 3851 Cori.
1242 3804 1265 3860 t,
1282 3806 1324 3863 29,

246 3874 259 3914 6
270 3884 314 3931 pr.
336 3875 360 3930 5,
376 3873 418 3930 46,
433 3876 462 3920 t:
481 3871 561 3933 fucrit
572 3870 684 3932 fortasse
695 3883 744 3934 pro
758 3872 872 3932 negotiis
884 3871 1051 3934 pupillorum
1064 3885 1079 3920 a
1092 3884 1121 3920 se
1133 3870 1328 3920 administran-

244 3940 286 3989 dis
315 3940 326 4000 ΙΙ
356 3943 387 3987 ΞΒ
402 3940 513 4004 deponit
527 3940 616 4000 cotta,
630 3938 664 3988 de
676 3939 799 4002 deposito
815 3939 910 3999 cortu,
924 3953 973 3988 om.
991 3939 1070 3988 Cotl.v
1100 3941 1111 4001 ΙΙ
1141 3943 1172 3987 26
1192 3941 1326 4002 signatum

244 4008 292 4055 ML
305 4021 363 4056 corn
375 4009 511 4069 interpret.
527 4015 551 4059 et
564 4009 635 4071 Dap,
655 4021 705 4056 om.
720 4010 780 4058 dett.
796 4022 854 4057 com
870 4008 951 4059 cot.-
969 4008 1052 4070 fm'toc
1070 4009 1092 4058 si
1112 4009 1251 4057 sacculum
1271 4010 1327 4071 sig-

244 4075 356 4124 nalum?
