3006 4736
337 1065 499 1130 VLPIANI
517 1071 636 1130 LIBER
660 1065 902 1131 SINGVLARIS
923 1065 1166 1133 REGVLARVM

175 1208 187 1265 ι
299 1251 421 1266 .....
445 1207 605 1286 prohibet,
639 1209 779 1287 exceptis
809 1205 1001 1288 quibusdam
1023 1209 1181 1288 cognatiS,
1213 1221 1245 1270 et
1266 1210 1293 1271 si

173 1291 283 1372 ipius
305 1291 456 1355 donatum
478 1295 529 1371 sit,
555 1313 618 1355 non
635 1292 801 1355 rescindit.
835 1295 939 1355 Minus
961 1312 1056 1373 quam
1078 1293 1219 1374 perfecta
1242 1296 1294 1356 lex

211 1388 259 1437 est
281 1396 362 1458 quae
386 1389 473 1441 uetat
495 1379 616 1459 aiiquid
638 1381 717 1457 fieri,
744 1390 776 1441 et
794 1381 821 1441 si
838 1379 955 1440 iactum
970 1381 1022 1456 sit,
1047 1398 1110 1440 non
1127 1380 1290 1459 rescindit,

210 1463 267 1525 sed
291 1484 426 1544 poenam
448 1466 586 1547 iniungit
608 1467 638 1527 ei
661 1467 716 1546 qui
739 1476 847 1527 contra
869 1466 971 1545 legem
995 1464 1085 1527 iecit:
1121 1467 1223 1545 qualis
1246 1477 1327 1528 ests

210 1550 262 1610 iex
284 1552 376 1612 Furia
398 1554 652 1632 testamentaria,
683 1571 764 1632 quae
787 1553 860 1633 plus
882 1571 977 1632 quam
999 1552 1085 1615 mille
1107 1553 1225 1615 assium
1247 1554 1295 1613 le-

210 1646 317 1716 gatum
345 1639 496 1700 mortisue
526 1658 618 1701 causa
648 1638 797 1719 prohibet
824 1658 956 1719 capere,
989 1649 1117 1719 praeter
1146 1648 1295 1719 exceptas

209 1741 371 1803 personas,
398 1733 429 1785 et
450 1725 606 1787 aduersus
629 1745 701 1787 eum
725 1727 780 1804 qui
803 1726 875 1806 plus
896 1726 1017 1805 ceperit
1033 1725 1203 1805 quadrupli
1218 1745 1295 1804 pce-

208 1827 280 1869 nam
302 1811 476 1872 constituit.

171 1900 188 1958 3
295 1897 361 1957 Lex
383 1907 437 1958 aut
460 1907 604 1978 regatur,
631 1897 664 1959 id
688 1909 736 1959 est
758 1896 877 1976 fertur,
903 1906 957 1959 θυι
978 1895 1164 1978 abrogatur,
1191 1896 1224 1959 id
1247 1906 1295 1958 est
1314 1911 1345 1956 ιι

209 1982 296 2059 prior
318 1982 371 2043 lex
393 1983 531 2063 tollitur,
560 1994 614 2045 aut
636 1984 822 2064 derogatur,
856 1982 889 2044 id
913 1994 961 2045 est
983 2002 1057 2063 pars
1079 1985 1199 2064 primae
1222 1984 1315 2065 lepis,

209 2066 341 2145 tollitur,
368 2078 422 2130 aut
444 2070 644 2150 subrogatur,
671 2069 704 2131 id
727 2079 774 2131 est
789 2068 925 2130 adicitur
940 2069 1062 2148 aliquid
1077 2071 1200 2149 primae
1217 2070 1291 2149 legi,

210 2160 265 2212 aut
286 2152 469 2233 obrogatur,
490 2156 527 2217 -id
551 2166 598 2216 est
621 2165 761 2216 mutatur
783 2153 905 2234 aliquid
928 2173 968 2215 ex
990 2157 1091 2235 prima
1113 2157 1233 2235 lege..
1256 2202 1263 2214 .
1285 2201 1292 2216 .

173 2242 189 2300 i
296 2240 393 2299 Mores
416 2251 490 2302 sunt
512 2243 626 2301 tacitns
648 2258 821 2302 censensus
835 2240 945 2320 populi
961 2240 1052 2320 longa
1068 2241 1295 2303 consuetudine

210 2324 417 2385 inueteratus
1315 2342 1345 2387 ιι

625 2464 659 2542 [1.
679 2483 715 2524 nn
738 2463 879 2544 irsnnrrs]

171 2586 189 2646 5
297 2582 494 2644 Libertorum
517 2602 633 2663 genera
656 2594 730 2645 sunt
753 2586 823 2662 tria,
849 2585 937 2646 ciues
959 2584 1100 2662 Romani,
1127 2585 1227 2645 Latini
1244 2586 1296 2647 lu-

209 2669 308 2746 niani,
335 2669 557 2731 dediticiorum
580 2689 725 2731 numere.

171 2761 190 2818 6
296 2755 389 2817 Ciues
405 2756 533 2817 Romani
549 2766 623 2818 sunt
638 2756 757 2834 liberti,
783 2758 838 2836 qui
858 2755 998 2835 legitime
1013 2757 1198 2818 manumissi
1210 2766 1293 2834 sunt,

208 2841 241 2903 t'd
263 2850 308 2903 est
328 2842 465 2904 uindicta
488 2850 543 2903 cut
564 2862 662 2904 censu
685 2852 740 2905 θυι
762 2852 959 2920 testamento,
990 2842 1075 2903 nullo
1099 2843 1168 2904 iure
1192 2842 1295 2924 impe·
1313 2859 1344 2905 ss

171 2927 328 2990 7diente.
375 2927 520 2990 Vindicta
550 2930 816 2991 manumittuntur
842 2928 927 3008 apud
950 2929 1168 3008 magistratum
1187 2932 1296 3011 popuii

171 3018 189 3076 8
207 3017 346 3093 Romani,
366 3016 455 3076 uelut
470 3016 630 3076 consulem
642 3024 855 3095 praetcremue
869 3016 919 3076 uei
930 3016 1162 3095 proconsulem.
1190 3016 1295 3078 Censu

209 3100 513 3163 manumittebantur
543 3102 615 3162 clim
644 3104 700 3180 qui
723 3102 845 3163 lustrali
868 3121 967 3163 censu
989 3103 1103 3162 Romae
1127 3103 1215 3163 iussu
1238 3102 1296 3165 dc-

210 3255 256 3267 ΛΑΛ
531 3254 1102 3267 mmlxaexrxlxlxlvvxsmsuwxfxti“mmmuruxtvwxummvun
1110 3260 1112 3263 ·
1126 3256 1288 3269 αψυψυυννννι

622 3273 625 3280 ι

278 3346 287 3390 ι
311 3343 415 3392 titutum
432 3346 517 3405 operis
535 3344 701 3404 suppeditant
717 3341 866 3404 fragmenta
878 3355 944 3402 quae
954 3343 983 3390 in
996 3342 1056 3404 Dip.
1071 3348 1096 3392 ct
1110 3342 1171 3392 Coit.
1187 3349 1293 3394 certant:

209 3411 279 3460 tituli
292 3425 325 3461 ex
338 3424 453 3476 corpore
464 3412 569 3476 ulpiani
586 3411 605 3462 0
627 3407 638 3477 ΙΙ
660 3415 744 3460 s-te
758 3413 785 3459 iu
801 3410 821 3460 C
829 3415 889 3472 post
897 3423 925 3471 p.
941 3415 966 3470 6,
979 3413 992 3457 3
1007 3410 1149 3467 confirmat
1161 3414 1292 3474 loquetur,

207 3480 240 3542 cf.
252 3480 340 3542 praef:
350 3494 378 3542 p.
394 3484 408 3527 3
432 3477 442 3546 ΙΙ
466 3484 481 3528 2
494 3486 554 3530 unte
565 3479 693 3545 prohibet
704 3479 760 3541 fere
772 3481 836 3529 tutia
848 3481 991 3541 supplenda
1004 3485 1079 3530 suut:
1093 3482 1164 3544 leges
1174 3484 1222 3530 θυι
1230 3494 1294 3546 per-

128 3562 133 3575 ·
207 3547 294 3599 fectae
307 3552 371 3599 sunt
383 3553 429 3599 aut
441 3548 615 3613 imperfectae
628 3549 778 3598 autminus
790 3562 872 3611 quam
884 3547 1029 3612 perfectae.
1059 3549 1179 3613 perfecta
1197 3550 1241 3599 lex
1253 3553 1294 3600 est

209 3654 234 3667 ..
249 3655 255 3668 .
270 3655 275 3667 .
297 3617 454 3682 imperfecta
467 3618 510 3668 lex
522 3621 572 3678 est,
592 3632 662 3682 quae
675 3617 732 3667 fieri
746 3617 849 3680 aliquid
868 3619 951 3677 uetat,
971 3631 1023 3666 nec
1041 3621 1132 3669 temen
1147 3613 1173 3667 'si
1192 3617 1294 3667 iactum

207 3688 251 3746 sit,
271 3687 420 3737 rescindit:
441 3687 530 3751 qualis
541 3690 583 3736 est
594 3687 638 3737 lex
651 3687 754 3747 Cincin,
775 3700 844 3750 quse
882 3687 924 3735 lus
942 3700 1045 3750 quam.
1062 3725 1067 3736 .
1085 3727 1091 3737 .
1106 3688 1209 3736 donare
1228 3700 1294 3751 pro-

207 3755 283 3806 hibet
311 3752 321 3822 ΙΙ
350 3755 481 3820 cognatis]
501 3755 840 3820 fortussesueritperscnis
862 3700 1096 3821 itrescindetc
1121 3752 1130 3820 ΙΙ
1160 3757 1294 3805 trescin-

207 3825 287 3876 detG
320 3820 331 3891 ΙΙ
366 3826 504 3875 daseium
523 3826 640 3888 legatum
658 3824 685 3886 0,
706 3838 781 3876 asses
800 3825 881 3888 legati
898 3823 1015 3874 Huschke
1049 3820 1060 3888 ss
1094 3823 1256 3886 8p0ena0

209 3898 238 3941 ιι
258 3894 310 3956 lex]
331 3895 399 3945 exC
426 3892 437 3959 ii
468 3899 493 3943 tt
516 3892 621 3958 primae
633 3894 700 3957 legis
716 3894 845 3952 cuicum,
863 3894 988 3957 primae
1014 3889 1025 3958 ΙΙ
1056 3894 1085 3939 ιι
1106 3891 1256 3955 obrogatC

209 3966 249 4014 ιι.
267 3967 297 4011 ⁴5
315 3965 393 4013 iudici
404 3965 572 4013 rubricarum
581 3965 796 4025 praemittuntur,
817 3963 850 4025 cf.
862 3963 947 4023 praef.
960 3966 1017 4022 pa
1047 3956 1059 4026 ΙΙ
1088 3964 1117 4008 ιι
1138 3962 1258 4012 morisC

208 4036 238 4081 ιι
258 4033 419 4083 manumissi
439 4069 445 4082 .
462 4070 468 4082 .
485 4068 491 4081 .
513 4035 544 4080 ιο
563 4031 687 4081 uindicta
704 4035 752 4083 aut
768 4035 796 4081 iu
813 4032 832 4084 C
849 4033 944 4081 omissa
962 4031 1025 4078 duce
1039 4028 1105 4078 caso
1118 4035 1142 4092 ι,
1158 4032 1190 4080 ι7
1203 4033 1292 4083 addita

205 4106 267 4151 sunt
294 4098 304 4168 ΙΙ
333 4104 361 4149 ιι
383 4102 478 4166 populi
493 4138 498 4150 .
515 4139 521 4152 .
539 4140 544 4152 .
560 4104 592 4151 22
605 4104 795 4165 praetoremue
806 4102 852 4151 uei
865 4098 1023 4157 Luciumue,
1044 4100 1227 4164 praeturimue
1240 4115 1292 4150 ue-

206 4170 246 4218 lut
257 4171 399 4220 consulem
414 4169 434 4220 C
