3010 4738
231 349 307 401 Paul.
320 349 396 409 lv,t
610 380 697 427 -7
741 347 802 410 100
845 380 932 393 -

230 535 366 599 *tatione
381 534 587 617 prudentium
600 536 738 614 primum
754 537 840 598 inter
851 545 980 616 agnatos
990 537 1093 599 locum
1108 546 1314 616 acceperunt.

195 626 211 685 l
229 623 306 685 *Sui
320 622 455 685 heredes
476 630 551 684 sunt
564 622 612 683 ho':
639 623 740 703 primo
762 622 828 683 loco
850 623 933 684 filius
947 623 1011 684 filia
1032 623 1066 683 in
1080 631 1233 703 potestate
1253 642 1313 703 pa-

230 708 307 770 *tris
330 708 504 770 constituti:
531 726 592 769 300
612 708 762 786 interest,
787 707 930 789 odoptiui
952 709 1016 770 sint
1038 727 1078 771 33
1097 709 1258 771 naturales
1280 714 1312 770 et

229 793 422 857 *secundnm
443 794 545 874 legem
561 793 670 856 Iuliam
687 795 854 875 Papiamue
876 794 1027 874 quaesiti:
1052 794 1143 856 modo
1162 804 1312 857 maneant

193 883 211 942 5
229 881 282 941 *in
298 889 461 961 potestate.
498 880 560 953 Qui
574 880 625 942 sui
640 879 775 942 heredes
791 890 876 958 sunt,
895 882 962 962 ipso
978 880 1048 942 iure
1063 879 1199 943 heredes
1213 881 1311 942 etiam
1329 894 1347 940 5

228 966 427 1047 *ignorantes
441 965 694 1045 constituuntur,
718 975 754 1028 ut
769 965 880 1028 furiosi
895 976 949 1029 aut
964 966 1100 1029 infantes
1115 976 1148 1028 et
1161 968 1310 1047 peregri-

228 1050 376 1115 *nantes:
408 1049 526 1132 quibus
553 1049 708 1113 bonorum
734 1053 941 1135 possessionis
962 1061 1093 1134 propter
1117 1053 1309 1132 praetoriam

192 1138 400 1201 emotionem
423 1156 486 1200 non
510 1146 577 1200 erat
604 1137 795 1200 necessaria.
848 1139 883 1199 ln
906 1139 971 1200 suis
993 1137 1167 1200 heredibus
1188 1136 1269 1202 adeo
1291 1157 1309 1199 a

227 1222 345 1287 *morte
359 1223 519 1287 testatoris
540 1241 647 1285 rerum
662 1223 925 1287 hereditariamm
948 1222 1122 1286 dominium
1142 1225 1309 1286 continua-

227 1310 312 1390 *tur‚
331 1320 367 1372 ut
380 1329 440 1372 nec
454 1309 750 1385 tutorisauctoritas
764 1310 895 1391 pupillis
909 1329 969 1372 nec
984 1309 1111 1373 furiosis
1126 1319 1252 1372 curator
1266 1312 1309 1371 sit
1328 1323 1362 1368 10
1396 1384 1399 1393 ¹

226 1396 453 1474 *necessarius
471 1395 533 1457 nisi
549 1393 628 1457 forte
643 1395 793 1457 soluendo
805 1398 846 1458 sit
857 1396 1034 1460 hereditas:
1054 1398 1201 1477 quamuis
1212 1397 1308 1458 etiam

226 1481 393 1561 *furiosus
419 1483 446 1543 si
460 1480 643 1562 resipuerit,
668 1490 699 1543 et
713 1482 866 1563 pupillus,
891 1484 918 1544 si
934 1481 1120 1563 adoleuerit,
1145 1481 1307 1545 abstinere

190 1568 209 1630 7
226 1568 377 1649 *possint
418 1568 489 1629 Post
503 1574 637 1628 mortem
652 1569 752 1649 patris
766 1578 860 1630 natus
874 1569 928 1630 uel
942 1567 982 1631 ab
997 1569 1140 1630 hostibus
1156 1587 1308 1630 reuersus

225 1652 299 1716 *aut
314 1673 355 1716 ex
373 1653 475 1733 primo
490 1652 670 1716 secundone
685 1654 842 1734 mancipio
862 1656 1088 1730 manumissus
1107 1656 1237 1716 cuiusue
1253 1674 1306 1716 er-

225 1739 325 1801 *roris
339 1757 432 1801 causa
443 1737 586 1819 probata,
605 1738 679 1800 licet
690 1757 753 1801 non
769 1738 889 1801 fuerint
903 1741 937 1801 in
951 1749 1116 1821 potestate,
1134 1742 1184 1803 sui
1199 1749 1305 1809 tamen
1326 1753 1361 1800 ts

189 1827 208 1885 8
225 1822 325 1906 *patri
344 1824 479 1887 heredes
501 1823 692 1887 efficiuntur.
741 1826 811 1887 Post
825 1826 905 1888 filios
927 1827 1008 1889 filias
1023 1826 1061 1889 ad
1083 1829 1306 1890 intestatorum

224 1909 475 1973 *successionem
491 1911 577 1972 inter
591 1929 663 1972 suos
677 1913 814 1973 ueniunt
828 1921 960 1992 nepotes
982 1922 1095 1993 neptes
1117 1922 1306 1993 pronepotes

222 1996 412 2078 *proneptes
428 2015 465 2059 ac
479 1995 597 2058 deinde
619 1998 791 2059 masculino
806 2017 885 2060 sexu
899 2007 970 2078 post
985 1999 1084 2061 filium
1105 1996 1306 2061 descenden·
1355 2012 1365 2030 ⁸

222 2081 306 2163 *tes,
332 2084 359 2145 si
373 2083 480 2144 nullus
494 2091 662 2171 parentum
684 2082 910 2163 impedimento
931 2086 1009 2165 ipsis
1032 2087 1065 2147 in
1080 2086 1133 2147 aui
1147 2094 1304 2165 potestate
1443 2157 1448 2167 Ι

222 2166 295 2230 *uel
314 2170 424 2250 procui
432 2167 559 2231 »familia
573 2171 778 2231 remanserit:
803 2179 952 2250 parentes
975 2171 1059 2233 enim
1080 2171 1191 2233 liberis
1222 2172 1299 2250 suis,
1321 2183 1358 2229 ao

223 2252 313 2316 *cum
335 2254 453 2336 quibus
475 2257 507 2316 in
529 2263 684 2335 potestate
705 2254 835 2317 fuerunt
856 2257 935 2336 ipsi,
964 2255 1074 2319 ordine
1096 2258 1304 2319 successionis

186 2342 204 2401 9
221 2338 410 2404 *obsistunt
455 2340 528 2402 Filii
540 2342 570 2403 si
588 2360 659 2402 curn
682 2340 851 2422 nepotibus
866 2361 908 2413 ex
929 2343 990 2404 alio
1013 2343 1076 2404 lilio
1090 2344 1247 2423 susceptis
1268 2345 1301 2404 in

221 2425 358 2490 *familia
372 2428 562 2505 retinentur,
580 2425 621 2488 ad
636 2427 776 2489 intestati
788 2429 888 2509 patris
903 2430 1135 2491 successionem
1150 2448 1221 2490 eum
1238 2427 1303 2490 fra-

221 2511 297 2576 *tris
311 2513 386 2575 liliis
400 2521 564 2574 uocantur.
594 2511 712 2593 quibus
728 2513 760 2573 in
776 2515 875 2594 patris
890 2515 941 2575 sui
956 2524 1080 2596 partem
1094 2513 1302 2577 uenientibus

220 2596 399 2662 *hereditas
421 2600 454 2660 in
476 2600 609 2679 stirpes,
635 2617 698 2659 non
722 2600 754 2660 in
777 2600 881 2679 capita
897 2599 1070 2681 diuiditur,
1096 2602 1140 2663 ita
1160 2609 1196 2663 ut
1216 2620 1302 2664 unus
1319 2613 1357 2661 as
1434 2649 1437 2655 .

220 2684 323 2748 *lilius
339 2692 371 2747 01
383 2685 492 2764 plures
505 2693 637 2765 nepotes
652 2685 792 2764 singulos
807 2687 954 2748 semisses
969 2686 1118 2750 habeant.
1150 2686 1301 2767 idemque

220 2772 364 2847 *euenit,
390 2772 416 2832 si
433 2790 492 2832 auo
508 2789 547 2832 cx
569 2769 692 2833 duobus
708 2770 781 2832 liliis
795 2772 910 2853 impari
932 2791 1065 2835 numero
1080 2782 1213 2855 nepotes
1229 2793 1299 2835 suc-

164 2855 201 2915 10
219 2854 404 2919 *cesserint
450 2857 499 2917 Ex
521 2857 585 2919 filia
607 2864 738 2936 nepotes
760 2858 809 2918 sui
832 2856 967 2920 heredes
989 2878 1052 2920 non
1074 2867 1166 2921 sunt:
1192 2860 1225 2920 in
1247 2860 1301 2921 aui

218 2940 323 3003 *euim
339 2943 473 3003 materni
488 2949 640 3022 potestate
662 2942 797 3004 alienam
813 2940 963 3006 familiam
980 2955 1152 3024 sequentes
1166 2946 1235 3026 ipsa
1249 2964 1302 3007 ra-

163 3027 196 3086 ll
219 3026 324 3089 *tione
341 3045 409 3089 esse
425 3046 488 3088 333
503 3037 647 3107 possunt.
687 3028 731 3087 Eo
745 3037 888 3107 tempore
903 3048 980 3091 suus
996 3031 1089 3093 heres
1104 3032 1301 3093 constituen-
1319 3042 1355 3088 eo

218 3112 297 3176 *dus
310 3121 370 3193 est,
387 3131 449 3193 quo
465 3122 586 3175 certum
598 3121 646 3175 est
657 3113 796 3193 aliquem
808 3114 990 3178 intestatum
1003 3116 1194 3179 decessisse:
1214 3116 1300 3197 quod

218 3300 421 3314 mwvvvm

288 3406 314 3464 a,
327 3406 411 3452 a-ao
425 3421 457 3445 =
473 3401 580 3452 cointio
593 3406 634 3463 ie,
649 3406 674 3465 a,
689 3406 771 3453 a-ao

957 3558 1300 3574 ΛΜΛΛΛΛΛΛΜΝΜΜ

288 3674 357 3739 ahi]
372 3673 534 3725 hoccodices
563 3675 574 3738 11
603 3677 768 3742 tadoptiui]
786 3679 808 3728 si
821 3679 866 3730 ad.
880 3680 978 3729 codices
1007 3678 1017 3742 11
1044 3693 1081 3730 33
1094 3683 1149 3731 nat.
1165 3683 1192 3731 et
1207 3681 1297 3744 03111),

217 3747 339 3795 1313331.
353 3757 400 3794 eos
415 3742 500 3794 cottv
516 3743 596 3795 soor
624 3744 636 3808 11
666 3747 862 3812 tpapiamque
875 3748 1008 3812 Setoltiop
1036 3747 1047 3810 11
1083 3751 1301 3814 1303303313313

220 3813 300 3866 nour
326 3814 414 3873 03111,
444 3814 631 3877 possessiones
656 3814 754 3866 soom:
786 3818 967 3880 possessionis
988 3818 1081 3881 petitio
1110 3821 1256 3881 requiritur
1288 3816 1303 3885 11

217 3886 231 3932 8
252 3883 304 3932 erit
316 3883 435 3933 Pithoeus
475 3880 486 3945 11
529 3886 555 3930 li
575 3882 1130 3945 11331103131010001033001010310010113
1149 3889 1178 3937 in
1196 3887 1249 3938 hoc
1266 3891 1306 3945 ut

216 3950 377 4014 abstineant,
398 3952 420 4002 si
439 3964 494 4002 non
534 3951 545 4014 11
584 3952 716 4003 soluenda
735 3954 833 4003 codices
873 3954 884 4018 11
927 3954 1099 4019 inprobata]
1121 3956 1298 4020 probataest

215 4034 268 4069 scr.
311 4020 322 4083 11
363 4024 393 4070 ia
413 4021 465 4085 ipsi
477 4022 575 4070 codices
615 4022 626 4082 11
668 4025 699 4070 22
718 4021 789 4072 filius
802 4035 865 4072 cum
883 4024 980 4073 codices
1020 4025 1031 4087 11
1072 4028 1103 4073 23
1123 4026 1159 4075 ad
1177 4027 1299 4076 intestati

218 4089 305 4139 Coll.W
320 4089 596 4151 Col1.v‚abintestato
612 4091 692 4141 00111)
720 4090 731 4153 11
760 4092 791 4140 it
805 4095 921 4142 uocatur
935 4092 1022 4143 Color
1037 4092 1116 4143 Coti.v
1139 4093 1150 4159 11
1178 4093 1298 4158 partem}

213 4160 354 4223 parentem
369 4156 458 4217 00111),
470 4160 597 4222 parentes
611 4158 698 4210 Collw
713 4160 791 4210 Coit.v
820 4160 831 4223 11
860 4165 893 4211 id
912 4160 948 4224 et]
962 4175 995 4211 ex
1006 4163 1104 4212 codices
