3010 4738
209 324 283 376 Paul.
297 322 360 385 Η
588 357 674 370 --
719 325 780 387 116
823 358 909 371 ..-

208 514 352 596 idemque
374 515 407 576 in
423 533 459 576 eo
475 512 643 575 dicendum
659 522 722 592 ost,
747 513 802 594 qui
818 530 947 575 carruca
962 521 1016 575 aut
1032 531 1113 593 equo
1129 511 1286 574 deicitur:

170 602 189 660 6
207 598 325 681 quibus
340 619 403 662 nou
419 599 564 662 abductis
579 599 765 661 iniuriarum
781 601 861 661 actio
876 598 980 661 datur.
1026 600 1062 660 vi
1078 599 1222 661 deiectus
1236 601 1290 661 ui-

207 686 301 748 detur
315 696 346 749 et
361 687 416 766 qui
432 686 465 747 iu
482 683 611 767 praedio
628 686 659 747 ui
674 686 830 748 retinetur
845 694 876 747 et
891 685 947 765 qui
963 685 995 745 in
1013 685 1065 747 uia
1081 686 1209 746 territus
1225 695 1284 764 est,

170 771 188 832 7
206 790 247 833 ne
263 771 303 835 ad
319 771 452 834 fundum
469 791 561 834 suum
576 771 752 834 accederet.
785 773 846 845 Qui
861 773 895 833 ui
910 779 964 832 aut
979 772 1128 833 clamant
1143 772 1287 852 precario

169 859 187 917 8
206 858 345 939 possidet
366 857 408 921 ab
422 856 620 937 aduersario,
646 859 775 939 impune
792 857 937 919 deicitur.
984 857 1033 918 Ex
1049 856 1146 918 rebus
1161 858 1194 919 ui
1210 876 1286 937 pos·
1304 870 1321 916 5

205 946 301 1007 sessis
323 946 351 1006 si
366 946 491 1026 aliquae
513 963 564 1005 res
585 945 720 1006 arserint
743 943 797 1006 uel
817 944 903 1005 serui
926 943 1133 1021 decesserint,
1163 942 1236 1004 licet
1252 942 1285 1004 id

204 1031 272 1093 sine
287 1029 358 1093 dolo
373 1031 443 1093 eius
457 1032 513 1110 qui
528 1029 644 1092 deiecit
658 1030 775 1091 factum
790 1031 841 1106 sit,
859 1030 1076 1091 aestimatione
1086 1038 1193 1092 tamen
1208 1048 1285 1090 con-

155 1119 188 1173 8⁸
204 1115 405 1179 damnandus
421 1126 478 1196 est,
497 1118 553 1197 qui
569 1117 612 1178 ita
627 1116 729 1177 uoluit
743 1115 876 1197 adipisci
892 1135 958 1177 reru
975 1116 1055 1177 iuris
1069 1116 1176 1177 alieni.
1202 1113 1285 1176 *Cu-

202 1201 406 1287 *iuscumque
421 1201 513 1265 fundi
534 1201 789 1264 usufructuarius
811 1201 990 1282 prohibitus
1010 1211 1065 1263 aut
1086 1201 1228 1263 deiectus
1244 1201 1285 1263 de

202 1288 420 1351 *restitutione
443 1290 583 1350 omnium
598 1308 704 1350 rerum
724 1288 819 1350 simul
834 1298 1057 1369 occupatarum
1072 1288 1153 1368 agit:
1178 1285 1236 1348 sed
1252 1297 1283 1348 et
1303 1301 1336 1347 ro

203 1374 248 1436 *si
260 1373 363 1438 medio
379 1384 518 1455 tempore
534 1375 634 1456 aliquo
650 1393 724 1436 casu
740 1372 938 1436 interciderit
953 1372 1163 1451 ususfructus,
1181 1391 1283 1452 aeque

150 1452 185 1518 ilb
201 1460 260 1523 *de
281 1463 439 1542 perceptis
459 1471 551 1522 antea
565 1459 719 1523 fructibus
739 1461 827 1522 utilis
842 1461 921 1523 actio
937 1458 1101 1521 tribuitur.
1152 1460 1185 1520 Si
1209 1457 1283 1521 fun-

201 1545 297 1626 *dus,
324 1550 415 1609 cuius
434 1545 635 1608 ususfructus
656 1548 791 1627 petitur,
817 1565 879 1607 nou
894 1565 913 1607 a
928 1545 1054 1607 domino
1068 1543 1278 1627 possideatur,

201 1631 296 1694 *actio
319 1631 474 1694 redditur.
522 1641 553 1693 et
574 1631 645 1694 ideo
667 1633 693 1693 si
715 1631 863 1694 defundi
885 1634 1078 1713 proprietate
1101 1631 1186 1693 inter
1201 1630 1281 1693 duos

200 1716 361 1798 *quaestio
382 1720 439 1798 sit,
473 1716 666 1780 fructuarius
686 1718 784 1778 nihilo
807 1720 913 1779 minus
935 1720 968 1779 in
989 1718 1188 1799 possessione
1211 1719 1280 1779 es'sa
1300 1731 1332 1777 re

200 1803 313 1867 *debet
335 1805 474 1884 satisque
498 1805 527 1865 ei
542 1823 560 1865 a
576 1822 755 1885 possessore
776 1803 954 1866 cauendum
971 1813 1036 1883 est,
1061 1802 1145 1884 quod
1160 1822 1222 1864 non
1239 1805 1280 1865 sit

199 1887 435 1969 *prohibiturus
449 1889 511 1951 frui
528 1908 610 1969 cum,
629 1892 681 1952 oui
696 1890 895 1952 ususfructus
907 1890 1035 1952 relictus
1051 1899 1109 1969 est,
1127 1888 1280 1969 quamdiu

198 1974 257 2037 *de
274 1978 343 2037 iure
359 1995 416 2038 suo
430 1975 555 2058 probet.
601 1975 658 2039 sed
672 1979 699 2038 si
715 1976 776 2057 ipsi
798 1974 1032 2039 usufructuario
1054 1977 1196 2055 quaestio
1212 1995 1280 2037 mo-

198 2060 346 2141 *ueatur,
376 2063 503 2125 interim
524 2061 725 2124 ususfructus
747 2064 816 2124 eius
838 2061 999 2124 differtur:
1032 2061 1089 2124 scd
1110 2062 1215 2123 caueri
1238 2061 1278 2123 de

198 2148 412 2211 *restituendo
427 2169 474 2227 eo,
492 2147 577 2230 quod
591 2168 631 2210 ex
645 2149 694 2210 bis
708 2148 866 2210 fructibus
880 2157 1091 2229 percepturus
1106 2158 1163 2227 est,
1182 2148 1234 2209 uel
1250 2149 1278 2208 si
1296 2159 1329 2206 ao

147 2235 180 2293 8ο
197 2232 291 2296 *satis
305 2254 368 2296 non
382 2234 487 2314 detur,
507 2236 575 2316 ipse
592 2233 654 2297 frui
669 2235 875 2315 permittitur.
905 2236 937 2296 Si
954 2233 994 2295 de
1009 2235 1063 2296 uia
1077 2234 1193 2302 itinere,
1205 2244 1277 2295 actu

197 2317 418 2400 *aquaeductu
432 2330 554 2401 agatur,
573 2321 754 2383 huiusmodi
767 2322 869 2382 cautio
884 2319 1071 2402 praestanda
1087 2329 1144 2400 est,
1164 2338 1279 2401 quam-

197 2405 271 2468 *diu
292 2408 365 2488 quis
380 2406 420 2469 de
436 2408 504 2469 iure
526 2426 582 2469 suo
598 2406 723 2486 doceat,
747 2426 810 2468 uon
826 2426 860 2469 se
881 2405 1107 2488 impediturum
1130 2416 1277 2487 agentern

197 2491 246 2555 *et
267 2511 382 2573 aquam
404 2492 573 2555 ducentem
594 2502 625 2554 et
647 2494 708 2554 iter
729 2492 904 2555 facientem.
952 2492 1038 2573 quod
1062 2492 1088 2554 si
1109 2502 1205 2572 neget
1226 2492 1276 2553 ius

195 2577 285 2641 *esse
299 2578 480 2642 aduersario
500 2578 614 2659 agendi
635 2597 737 2660 aquae
752 2577 933 2659 ducendae,
959 2598 1072 2641 cauere
1093 2579 1161 2640 sine
1182 2597 1277 2658 prae·
1294 2590 1327 2637 as

195 2663 331 2727 *iudicio
353 2664 544 2728 amittendae
565 2665 728 2727 seruitutis
744 2664 892 2744 debebit,
910 2665 1011 2727 donec
1025 2665 1168 2744 quaestio
1184 2664 1277 2725 finie-

143 2743 178 2809 ga
194 2749 283 2830 *tur,
301 2770 364 2812 non
379 2770 413 2813 se
428 2771 570 2815 usurum.
620 2801 627 2813 .
645 2799 652 2814 .
671 2799 701 2812 ..
728 2750 938 2828 fructuarius,
962 2751 1036 2812 licet
1058 2769 1115 2812 suo
1132 2750 1272 2812 nomine.

93 2837 127 2892 8⁰
147 2829 180 2895 8¹
195 2835 222 2895 *.
240 2882 247 2897 .
265 2882 297 2897 ..
322 2837 390 2899 siue
405 2836 447 2899 ad
468 2836 602 2900 fundum
616 2847 760 2899 nostrum
781 2837 855 2898 facit
870 2837 938 2898 siue
954 2857 994 2898 cx
1009 2836 1117 2899 iundo.
1164 2836 1275 2898 Serui-

194 2921 280 2983 *tute
302 2941 380 2984 usus
394 2942 457 2983 non
478 2923 607 2985 uidetur
621 2924 683 2985 nisi
699 2924 736 3001 is,
762 2923 817 3002 qui
833 2941 889 2984 suo
911 2924 980 2984 iure
1000 2924 1047 2985 uti
1062 2942 1096 2984 sc
1118 2920 1271 2985 credidit:

194 3005 348 3087 *ideoque
372 3008 398 3068 si
421 3010 493 3087 quis
515 3027 573 3089 pro
594 3009 647 3070 uia
668 3007 797 3089 publica
818 3008 871 3068 uel
886 3026 943 3088 pro
966 3009 1095 3070 ulterius
1116 3009 1272 3070 seruitute
1293 3021 1327 3066 eo

158 3095 176 3152 9
193 3087 290 3154 *usus
306 3093 361 3169 sit,
386 3111 445 3154 neo
466 3093 670 3155 interdictum
692 3112 753 3165 nec
774 3094 853 3154 actio
872 3094 993 3156 utiliter
1014 3090 1194 3175 competit*
1239 3095 1273 3156 Si

194 3179 277 3239 inter
298 3179 420 3240 uicinos
441 3198 481 3240 ex
502 3180 659 3241 communi
682 3180 751 3240 rino
773 3197 855 3259 aqua
877 3177 1028 3259 ducatur,
1052 3180 1160 3243 induci
1182 3181 1273 3262 prius

1222 3300 1272 3315 W&

264 3346 630 3414 a,s⁸.8b=l)l9.7,t,eo
673 3350 684 3415 ιι
727 3351 1056 3416 commoremur
1098 3352 1110 3416 q
1157 3348 1272 3414 e‚s‹1=

194 3419 378 3483 maaser
412 3417 423 3482 11
454 3420 767 3484 commanem
798 3419 809 3483 u
839 3415 1147 3485 o,o1=m·9.s,s,se

736 3522 955 3537 ΛΑΛΛΛΜΛΛΛΑΛΛΛ
961 3524 970 3534 Α
1025 3523 1195 3538 ’ΧΑΛΛΛΜΛΛΜ
1199 3522 1271 3537 Ν’Μ

263 3595 272 3639 t
290 3592 417 3655 idemque
428 3590 577 3654 Siclorum,
588 3591 670 3656 idque
680 3593 778 3642 codices
801 3591 812 3655 ΙΙ
836 3592 907 3655 8qui
917 3592 947 3654 L,
958 3594 1021 3656 quia
1035 3593 1062 3642 ll
1082 3593 1094 3657 ΙΙ
1119 3597 1145 3641 ll
1162 3594 1216 3644 alio
1227 3594 1250 3643 F
1263 3590 1274 3660 ΙΙ

194 3663 224 3710 te
235 3659 359 3710 differtur
367 3661 439 3719 dett,
450 3659 593 3710 offerturi*
614 3658 625 3723 ΙΙ
647 3661 748 3723 caueri]
761 3663 875 3710 cauetur
883 3662 908 3710 ei
919 3661 1060 3711 Mouemeeo
1082 3662 1094 3726 ΙΙ
1118 3665 1149 3711 25
1163 3662 1271 3726 agendi]

192 3729 274 3780 eundi
287 3728 384 3792 agendi
397 3729 539 3779 Mommsen
568 3728 579 3792 ΙΙ
608 3728 762 3779 ducendiF
794 3729 806 3792 11
841 3733 871 3778 m
887 3727 913 3793 ἐξ
927 3724 966 3780 8¹³.
982 3734 1010 3780 8ε
1022 3730 1162 3782 Scaeuolae
1173 3732 1274 3796 recolis

191 3801 228 3849 ele
239 3800 352 3849 lacertae
364 3803 439 3848 suet:
452 3811 505 3848 usu
516 3799 648 3848 retinetur
659 3799 787 3859 seruitus,
802 3811 865 3848 cum
878 3799 935 3863 ipso
948 3800 993 3849 cui
1005 3799 1121 3850 debetur
1131 3802 1218 3851 utitur
1228 3837 1234 3849 .
1244 3838 1250 3850 .
1262 3839 1268 3852 .

191 3868 237 3916 aut
247 3865 415 3917 fructuarius
428 3893 459 3903 -
472 3866 636 3917 fructuarius
648 3866 712 3917 licet
725 3881 775 3918 suo
788 3869 907 3918 nomino.
923 3894 953 3906 -
973 3867 1092 3933 denique
1103 3870 1273 3934 quicumque

190 3936 267 4000 quasi
279 3934 371 3986 debita
384 3937 428 3986 uia
439 3949 506 3986 usus
518 3935 599 3986 fuerit
611 3962 642 3973 -
657 3938 715 3986 siue
729 3973 735 3986 .
750 3974 755 3986 .
768 3972 774 3985 .
789 3949 823 3986 ex
835 3934 920 3986 fundo
932 3963 967 3973 -—
980 3975 986 3987 .
1000 3975 1005 3986 .
1021 3975 1026 3986 .
1040 3937 1200 3988 retinebitur
1212 3952 1273 3989 ser-

189 4005 263 4055 uitus
303 4004 315 4067 ΙΙ
355 4008 388 4052 ta
405 4004 500 4055 induci
516 4005 651 4067 (interdici
663 4005 734 4068 dett.)
750 4006 827 4069 prius
838 4004 928 4069 debet]
942 4009 1112 4068 requiruntur
1122 4007 1178 4070 fere
1190 4009 1272 4058 lolia:

189 4074 290 4136 inquiri
307 4075 384 4136 prius
402 4073 483 4124 debet
499 4073 599 4137 quibus
616 4073 725 4124 uicibus
743 4074 843 4137 singuli
861 4076 923 4125 anto
942 4077 1156 4126 controuersiam
1168 4078 1271 4127 motam

188 4153 288 4204 aquam
300 4140 427 4191 duxerint
