3010 4738
571 385 659 397 ....
701 351 737 414 81
785 386 873 399 -..
952 326 961 357 ’
1030 353 1262 415 passuro-r

571 624 684 686 33333
699 626 871 688 -rnnrrrs

696 778 745 860 [u]

141 901 152 960 1
264 894 433 969 *Quotiens
447 897 491 975 is,
517 899 568 959 oui
582 897 737 960 bonorum
753 901 908 979 possessio
929 898 969 962 ab
985 899 1083 961 311333
1105 903 1259 980 postulata

178 980 253 1060 *est
273 981 380 1044 furere
395 984 549 1063 coeperit,
567 987 668 1064 magis
684 984 851 1065 probatum
868 996 971 1047 return
987 1004 1059 1047 eum
1084 986 1186 1049 uideri
1202 989 1260 1050 ha-

178 1068 322 1130 *buisset
348 1070 408 1130 rsti
429 1070 513 1131 enirn
535 1069 655 1132 habitio
677 1070 717 1132 ad
732 1071 1000 1133 confirmationem
1020 1072 1135 1152 prioris
1150 1085 1259 1152 postu·
1279 1089 1293 1133 5

140 1159 158 1219 2
177 1153 249 1215 *luti
266 1156 415 1235 pertinet.
441 1156 474 1217 Si
490 1157 528 1235 is,
547 1157 598 1217 331
615 1158 771 1237 ignoranti
787 1159 886 1237 petita
901 1165 949 1219 est
964 1157 1118 1219 bonorum
1133 1177 1260 1238 posses-

176 1239 257 1319 *si0‚
284 1238 472 1319 decesserit,
502 1243 594 1304 heres
617 1244 686 1305 eius
707 1244 789 1304 intre
815 1253 958 1324 tempore
980 1244 1142 1323 petitionis
1161 1254 1259 1306 331333

176 1325 264 1388 *eam
279 1325 396 1389 habere
412 1347 475 1391 non
490 1327 628 1408 potest*

493 1515 513 1596 [r
557 1535 595 1577 nn
618 1536 802 1579 3333333333
826 1517 941 1599 3331333]

261 1636 293 1696 si
309 1634 398 1697 fratri
414 1635 530 1716 puberi
546 1638 761 1699 controuersia
782 1636 852 1715 fist,
876 1655 915 1699 en
932 1655 988 1717 pro
1004 1646 1094 1717 parte
1113 1637 1258 1720 impube·
1279 1653 1309 1697 33

175 1723 219 1783 ris
235 1721 356 1783 differri
373 1742 467 1784 causa
482 1721 608 1803 debeat,
626 1724 784 1786 uariatum
802 1732 867 1784 est:
887 1724 944 1784 sed
957 1723 1057 1803 magis
1068 1733 1127 1804 est,
1145 1735 1181 1786 ut
1196 1724 1260 1786 dif-

175 1807 248 1869 ferri
263 1827 325 1868 non
341 1807 468 1871 debeat.

531 1995 562 2075 [u
604 2015 641 2058 33
663 2016 750 2059 nouis
772 1996 897 2077 nrnnnrr]

68 2103 72 2116 ⁵
139 2119 150 2176 1
261 2116 296 2176 13
311 2113 403 2176 bonis
425 2114 532 2175 liberti
555 2116 642 2196 prior
664 2124 712 2177 est
733 2112 884 2197 petronus
906 2116 1106 2194 quamfilius
1128 2117 1258 2180 alterius

175 2201 314 2281 patroni,
346 2202 487 2280 itemque
509 2201 596 2281 prior
618 2210 666 2262 est
688 2200 771 2262 filins
794 2202 918 2281 patroni
941 2219 1036 2281 quem
1057 2220 1157 2283 nepos
1178 2203 1258 2266 elte-
1278 2220 1309 2266 rs

137 2291 155 2352 2
176 2288 242 2349 rius
257 2288 395 2367 petroni.v
432 2285 577 2347 Libertus
593 2286 672 2348 duos
687 2296 835 2367 patronos
857 2286 992 2348 heredes
1007 2287 1160 2349 instituit:
1180 2290 1260 2350 31133

175 2391 283 2434 eorum
298 2373 373 2434 uiuo
394 2371 509 2433 liberto
531 2375 681 2434 moritur:
709 2373 737 2434 is
759 2374 814 2453 qui
836 2382 982 2453 superest
1004 2382 1112 2435 contra
1134 2372 1259 2437 tabulas

135 2463 153 2521 3
174 2461 355 2521 testamenti
376 2457 531 2520 bonorum
559 2460 788 2538 possessionem
812 2468 898 2521 reete
921 2459 1069 2539 postulat.
1115 2458 1259 2521 Liberto-

176 2565 245 2607 rum
262 2544 425 2607 hereditas
440 2546 474 2605 in
490 2547 611 2625 capita,
630 2563 693 2606 non
710 2547 742 2606 in
758 2546 877 2625 stirpes
893 2544 1068 2606 diuiditur:
1096 2554 1127 2606 et
1143 2545 1214 2607 ideo
1230 2547 1256 2606 si

174 2633 270 2693 unius
291 2632 414 2711 patroni
438 2630 501 2692 duo
525 2633 588 2692 sint
611 2630 705 2692 liberi
728 2640 759 2692 et
785 2631 916 2694 alterius
944 2640 1110 2711 quattuor,
1140 2632 1257 2711 singuli
1275 2647 1308 2693 33

137 2721 153 2779 1
172 2718 285 2779 uiriles
312 2715 354 2796 [id
376 2727 425 2779 est
440 2717 598 2800 aequales)
626 2719 786 2798 portiones
808 2715 984 2779 habebunt.
1031 2717 1185 2779 Patronus
1205 2719 1258 2779 uel

173 2805 297 2882 patroni
314 2802 407 2865 liberi
431 2823 471 2865 cx
486 2813 575 2884 parte
592 2801 724 2865 dimidia
740 2802 878 2865 heredes
895 2803 1032 2864 instituti
1049 2823 1102 2865 aes
1118 2803 1256 2866 alienum

135 2888 279 2951 tubero
305 2909 364 2970 pro
391 2888 592 2970 portionibus
622 2889 785 2951 exsoluere
815 2899 981 2970 coguntur.
1028 2887 1257 2951 *8133113313-

173 2973 298 3038 *mento
326 2975 407 3039 13313
433 2974 609 3038 decedente
634 2973 748 3037 liberto
769 2984 908 3056 potestas
930 2974 1025 3037 detur
1047 2984 1178 3056 patrono
1204 2977 1257 3038 uel

173 3059 348 3124 *libertatis
369 3081 463 3124 causa
480 3063 624 3143 imposita
645 3071 752 3142 petere
772 3061 825 3122 uel
842 3062 940 3141 partis
961 3061 1117 3123 bonorum
1132 3079 1256 3142 posses·
1274 3076 1308 3123 ss

173 3145 323 3228 131331333>
342 3150 385 3210 113
400 3157 431 3210 31
446 3168 517 3209 cum
534 3150 681 3210 intestato
692 3147 877 3225 decesserit,
896 3166 1004 3210 earum
1022 3166 1129 3209 rerum
1146 3148 1256 3209 electio

135 3235 153 3294 6
173 3232 222 3295 *ei
239 3243 356 3297 3333331.
396 3233 523 3295 Liberto
545 3254 603 3314 per
618 3233 835 3319 obreptionem
852 3232 1001 3314 adrogato
1023 3234 1074 3295 ius
1089 3252 1182 3295 suum
1197 3253 1257 3314 pa·

173 3318 303 3381 *tronus
318 3339 380 3380 non
397 3322 544 3382 amittit*

241 3610 580 3673 rr,r=nt9.tr‚r,ro
622 3609 633 3671 ιι
676 3610 990 3674 incantatori
1029 3609 1040 3671 u
1079 3607 1254 3670 uranu.

171 3682 317 3761 331333
348 3679 363 3741 ιι·
388 3684 414 3740 e,
429 3682 443 3727 3
457 3699 488 3723 a
502 3679 563 3741 333.
578 3681 620 3737 33,
634 3681 660 3738 s,
675 3680 707 3726 33

170 3834 222 3849 WV'
226 3827 1261 3857 MWsmwwvwmvawwvwvwvvvwmnlwvvvwwwwwwwwmy

241 3956 255 4002 t
272 3953 371 4017 uideri]
387 3957 506 4016 copertos
519 3964 573 4001 non
585 3952 685 4011 uideri,
699 3951 732 4014 cs.
748 3950 808 4014 neq.
823 3954 865 4010 29,
881 3954 906 4012 2,
922 3953 952 3999 18
994 3949 1005 4011 {l
1049 3953 1077 3996 tt
1098 3950 1141 4000 si.
1158 3986 1164 3999 .
1181 3988 1187 4000 .
1202 3951 1255 3999 im·

171 4023 293 4087 puberis]
313 4027 431 4085 reportes
449 4023 471 4072 si
491 4019 620 4071 iratribus
637 4019 735 4084 puberi
753 4024 782 4070 et
798 4019 934 4084 impuberi
948 4019 1135 4070 controuersia
1145 4017 1200 4080 fist,
1219 4032 1254 4067 33

171 4105 221 4156 pro
232 4096 308 4156 parte
320 4092 433 4157 puberis
447 4091 577 4152 (similiter
593 4089 724 4150 Cuiacr'us)
754 4089 765 4152 ΙΙ
797 4092 828 4136 16
847 4089 916 4138 duos
928 4090 1057 4152 patronos
1070 4092 1157 4138 tuetur
1170 4088 1255 4138 loter-

168 4163 289 4222 pretorio,
302 4163 446 4222 requiritur
457 4162 512 4222 sere
524 4160 570 4222 qui
584 4158 653 4208 duos
665 4160 795 4222 patronos
807 4156 911 4218 babuit,
925 4159 1068 4207 extraneos
