3010 4738
1005 322 1079 372 Paul.
1096 323 1126 381 V,
1143 325 1259 371 lits-tlt

262 629 338 691 *liei
357 630 596 707 sepulchrorum
619 631 823 709 uiolatorum,
844 631 871 691 si
887 648 1014 710 corpora
1031 632 1098 710 ipsa
1114 641 1261 692 extraxe-

177 717 260 776 *rint
280 717 334 777 uel
354 735 425 777 ossa
441 718 601 795 eruerint,
627 716 803 778 humilioris
825 716 954 796 quidem
976 715 1117 778 fortunae
1139 737 1260 779 summo

177 800 351 883 *supplicio
373 802 580 880 adficiuntur,
611 802 803 864 honestiores
823 803 856 863 in
878 803 1013 864 insulam
1034 801 1256 882 deportantur:

177 888 272 950 *alias
287 898 393 950 autem
409 889 590 968 relegantur
604 896 658 950 aut
673 889 706 949 in
721 888 882 949 metallum
899 887 1120 950 damnantur*
1281 902 1294 948 t

541 1077 588 1156 [xx
631 1095 669 1136 nu
691 1077 898 1155 incursurus]

142 1200 154 1258 l
262 1195 482 1275 *lucendiarii,
501 1195 647 1277 quiquid
662 1197 695 1259 in
707 1195 821 1277 oppido
835 1196 1013 1277 praedandi
1025 1216 1119 1258 causa
1129 1196 1257 1275 faciunt,

141 1287 159 1346 2
179 1281 299 1364 *capite
315 1284 503 1364 puniuntur.
551 1283 611 1355 Qui
627 1301 729 1344 casam
745 1293 800 1345 aut
815 1284 923 1345 uillam
939 1284 1173 1345 inimicitiarum
1190 1301 1262 1361 gra-

177 1369 236 1431 *tia
251 1369 477 1448 incenderunt,
503 1369 687 1430 humiliores
709 1370 742 1430 in
758 1369 918 1430 metallum
941 1370 1039 1431 autin
1062 1388 1140 1449 opus
1154 1368 1262 1449 publi-

141 1458 158 1517 3
178 1454 268 1517 *cum
291 1455 497 1533 damnantur,
521 1455 716 1516 honestiores
738 1455 773 1515 in
793 1456 926 1516 insulam
949 1456 1141 1535 relegantur.
1188 1457 1261 1515 For·
1282 1469 1312 1514 tt

113 1614 115 1618 ,
177 1541 276 1604 *tulta
298 1540 462 1620 incendia,
492 1560 573 1620 quae
595 1559 670 1604 casu
690 1542 778 1602 uenti
791 1542 919 1603 ferente
942 1543 994 1603 uel
1016 1543 1134 1603 incuria
1157 1542 1262 1620 iguem

107 1624 108 1628 ’
177 1626 402 1708 *supponentis
424 1626 464 1690 ad
488 1646 589 1708 usque
611 1628 708 1689 uicini
730 1647 821 1708 agros
838 1628 993 1707 euadunt,
1018 1629 1043 1689 si
1057 1647 1099 1689 ex
1121 1647 1157 1689 eo
1173 1644 1263 1707 seges

178 1711 249 1775 *uel
272 1715 366 1776 uinea
386 1713 438 1776 uel
459 1714 560 1775 oliuae
583 1714 636 1775 uel
660 1713 840 1776 fructiferae
862 1710 991 1777 arbores
1008 1722 1258 1790 concrementur,
1281 1792 1285 1800 Ι

141 1802 159 1862 l
177 1796 304 1863 *datum
326 1799 477 1862 damnum
502 1801 718 1862 aestimatione
738 1801 903 1863 sarciatur.
957 1800 1164 1861 Commissum
1185 1818 1263 1863 uero

177 1882 377 1965 *seruorum,
405 1888 432 1947 si
459 1886 583 1948 domino
609 1884 772 1966 uideatur,
802 1906 903 1949 noxae
930 1885 1091 1948 deditione
1114 1886 1260 1948 sarcitur.
1283 1900 1313 1946 ⁴5

141 1969 343 2033 5*llessium
370 1991 446 2033 sane
466 1991 526 2053 per
540 1971 648 2033 dolum
669 1974 866 2050 incensores,
885 1974 1052 2034 uinearum
1067 1973 1264 2035 oliuarumue

178 2056 305 2120 *autin
327 2058 487 2119 metallum
509 2057 693 2119 humiliores
717 2058 922 2136 damnantur,
950 2067 1004 2120 aut
1018 2058 1215 2121 honestiores
1231 2060 1263 2119 in

142 2143 335 2205 6*insulam
357 2140 572 2223 relegantur*
622 2144 682 2216 Qui
708 2154 804 2206 noctu
820 2143 988 2224 frugiferas
1014 2142 1143 2206 arbores
1169 2163 1265 2207 manu

180 2230 260 2291 facta
283 2229 472 2309 ceciderint,
502 2229 542 2291 ad
569 2238 694 2310 tempus
720 2230 909 2310 plerumque
936 2231 968 2290 in
996 2249 1074 2310 opus
1100 2229 1263 2310 publicum

180 2315 371 2378 damnantur
393 2325 448 2378 aut
463 2316 655 2378 honestiores
671 2314 820 2378 damnum
837 2318 953 2378 sarcire
970 2325 1125 2395 coguntur
1139 2316 1191 2376 uel
1207 2335 1264 2376 cu·
1281 2329 1313 2375 ao

180 2405 226 2463 ria
242 2400 471 2465 submoueutur
485 2403 539 2464 uel
555 2401 745 2482 relegantur.

359 2592 417 2671 [mr
460 2609 498 2651 nu
520 2609 837 2669 vrrrcmrronuvsm
859 2590 1085 2672 urrusurrrms]

144 2713 155 2771 l
265 2711 506 2790 Vaticinatorcs,
526 2712 580 2791 qui
597 2731 631 2773 se
647 2710 706 2772 deo
721 2712 832 2792 plenos
847 2709 1055 2789 adsimulant,
1080 2709 1197 2771 idcirco
1219 2710 1265 2770 ci-

179 2798 278 2859 uitate
301 2798 418 2877 expelli
440 2797 575 2876 placuit,
600 2816 641 2857 ne
658 2798 795 2859 humana
818 2797 1004 2858 credulitate
1026 2796 1146 2877 publici
1161 2815 1264 2857 mores

179 2881 220 2944 ad
236 2902 322 2963 spem
346 2883 478 2945 alicuius
497 2884 544 2944 rei
560 2893 856 2963 corrumperentur,
880 2883 935 2944 uel
951 2893 1035 2945 certe
1051 2902 1142 2944 exeo
1162 2901 1265 2963 popu·
1284 2896 1315 2941 ao

179 2969 261 3030 lares
278 2970 373 3030 animi
396 2968 613 3032 turbarentur.
660 2969 795 3050 ideoque
810 2971 947 3049 primum
970 2968 1105 3032 fustibus
1121 2970 1201 3030 caesi
1218 2970 1265 3029 ci-

179 3056 278 3117 uitate
304 3056 484 3136 pelluntur:
523 3065 765 3136 perseuerantes
791 3065 896 3118 autem
927 3059 960 3116 in
986 3057 1115 3118 uincula
1140 3055 1265 3135 publica

180 3142 378 3204 coniciuntur
400 3150 456 3205 aut
477 3143 508 3203 in
523 3143 657 3204 insulam
673 3141 878 3223 deportantur
899 3143 950 3204 uel
967 3152 1052 3204 certe
1069 3142 1259 3221 relegantur.

143 3229 161 3288 2
181 3228 241 3300 Qui
257 3247 356 3290 nouas
377 3239 477 3291 sectas
500 3227 552 3290 uel
572 3228 692 3290 ratione
716 3229 889 3309 incognitas
912 3229 1080 3309 religiones
1096 3228 1261 3307 inducunt,

179 3381 231 3395 Μ

250 3453 299 3499 ltu
312 3470 344 3493 =
357 3451 418 3514 Βία.
434 3453 476 3510 tr,
493 3453 534 3512 ta,
550 3455 576 3499 ll
623 3449 634 3513 ΙΙ
682 3454 724 3511 2⁰,
740 3455 804 3500 t-5
821 3452 862 3514 (ε
878 3451 985 3503 Collatio
999 3457 1040 3512 li,
1057 3455 1079 3502 i.
1095 3456 1119 3502 2.
1135 3451 1157 3512 3)
1173 3454 1201 3500 io
1217 3452 1264 3500 Ve-

180 3520 281 3638 aootogo
297 3521 397 3570 inuenit
414 3525 439 3570 et
456 3521 516 3571 tude
533 3522 650 3605 ordinem
661 3533 736 3582 quom
748 3523 879 3582 sequimur
891 3525 1003 3572 restituit
1019 3522 1139 3572 Guiccics
1154 3521 1260 3570 obsera.

216 3626 223 3649 7

182 3706 1264 3723 ΜΛΑΛΛΛΛΝΨᾺΜΝᾺΜΛΛΛΛΛΜΜΛΛΝᾺΙΜΛΜΙᾺΛΛΛΜΛΛΛΛΙἏΛΛΛΛΜΜΛΜΛΛΛΙ

250 3796 264 3842 3
284 3794 478 3845 humiliorcsF
521 3794 533 3857 ΙΙ
580 3797 593 3843 7
613 3795 775 3845 incendiarii
794 3795 934 3860 quiquid]
956 3794 1083 3845 incendia
1100 3794 1146 3857 qui
1169 3794 1200 3856 (si
1218 3794 1265 3856 qui

180 3863 306 3923 Huschke)
320 3877 373 3914 scr.
421 3863 432 3925 ΙΙ
479 3864 600 3928 scopite
617 3864 728 3924 Vosoot„
747 3863 827 3915 facile
840 3867 927 3929 capite
942 3864 1005 3915 Coll.
1053 3863 1065 3926 ΙΙ
1113 3866 1139 3910 tt
1162 3860 1265 3912 ferente

184 3933 295 3992 Verona,
315 3930 415 3985 fuerint
432 3932 475 3982 his
495 3931 584 3993 Cotta,
604 3931 718 3983 furentis
738 3932 825 3984 uoltu
846 3934 926 3985 Cottv
971 3932 981 3994 ll
1030 3931 1262 3990 lectiuncula

181 4001 281 4051 oliucta
296 4000 391 4061 octar,
411 4001 499 4052 oliuas
519 4001 599 4053 Coll.v
639 4001 650 4065 ll
692 4005 867 4053 concrement
885 4003 984 4052 Vesoot.
1027 4000 1038 4064 ΙΙ
1082 4002 1266 4051 resarciatur

185 4070 284 4119 Vesoot.
315 4071 327 4134 ΙΙ
358 4075 388 4119 to
401 4084 451 4135 per
462 4069 556 4121 dolum
570 4071 680 4130 Vesoot„
695 4072 811 4136 perdum
827 4071 906 4122 Cotta
918 4070 1006 4129 cuttu,
1022 4069 1140 4134 perdunt
1151 4065 1266 4136 count

181 4142 212 4187 29
233 4140 511 4199 sectasL,etusuM
585 4145 588 4150 '
