3006 4736
579 362 666 374 ....
712 331 750 390 15
794 364 881 376 ....
1166 332 1268 398 viper
1310 306 1315 313 ’

188 516 346 593 mitatem,
372 514 497 578 leminis
518 525 625 578 autem
645 525 711 579 tom
733 517 953 598 impuberibus
968 538 1062 598 quam
1077 519 1269 601 puberibus,

188 611 219 662 et
244 611 375 682 propter
401 621 495 664 sexus
521 601 734 665 infirmitatem
761 614 792 666 et
817 613 947 685 propter
969 605 1140 668 forensium
1162 626 1272 670 rerum

188 688 405 767 ignorantiam.

151 774 168 833 i
275 775 407 835 Tutores
424 782 478 835 aut
492 775 624 854 legitimi
639 785 713 837 sunt
727 786 783 838 aut
798 785 928 837 senatus
944 778 1093 839 consultis
1108 782 1270 843 constituti

187 869 242 920 aut
257 859 398 922 moribus
414 859 598 922 introducti.
970 900 972 903 v
1289 883 1304 929 a

150 946 167 1004 3
274 947 416 1026 Legitimi
439 955 561 1008 tutores
582 957 676 1025 sunt,
700 949 814 1028 quiex
835 949 905 1028 lege
926 948 1033 1027 aliqua
1055 949 1267 1015 descendunt:

114 1079 116 1082 ,
186 1050 244 1111 per
265 1033 467 1093 eminentiam
489 1042 596 1094 autem
617 1035 747 1114 legitimi
771 1033 935 1112 dicuntur,
961 1034 1017 1114 qui
1041 1054 1081 1096 ex
1101 1036 1171 1116 lege
1191 1036 1285 1100 duo-'

187 1116 290 1178 decim
320 1117 500 1180 tabularum
527 1118 790 1198 introducuntur,
824 1139 882 1181 seu
905 1120 1027 1201 palam,
1061 1123 1171 1201 quales
1197 1135 1271 1185 sunt

151 1206 167 1264 i
187 1204 303 1284 agnati,
328 1223 384 1266 sou
400 1223 458 1285 per
472 1207 739 1285 consequentiam,
764 1207 874 1286 quales
890 1216 966 1267 sunt
979 1210 1115 1287 patroni.
1154 1206 1269 1290 Agnati

188 1300 262 1352 sunt
282 1309 299 1351 a
323 1301 413 1370 patre
429 1293 554 1371 cognati
566 1292 671 1354 uirilis
684 1310 782 1353 sexus
796 1312 854 1372 per
868 1293 996 1354 uirilem
1012 1312 1122 1355 sexum
1138 1293 1271 1357 descen·
1291 1311 1320 1357 to

187 1376 297 1461 dentes
313 1376 456 1438 eiusdem
473 1376 627 1459 familiae,
651 1378 753 1439 ueluti
768 1379 893 1458 patrui,
919 1377 1051 1456 iratres,
1077 1380 1132 1440 lilii
1150 1380 1266 1460 fratris,

150 1465 168 1522 5
186 1462 357 1543 patrueles.
394 1464 455 1536 Qui
470 1463 607 1525 liberum
622 1474 717 1544 caput
731 1467 945 1546 mancipatum
959 1463 1020 1525 sibi
1037 1465 1091 1527 uel
1106 1486 1124 1527 a
1139 1479 1270 1548 parente

187 1550 239 1610 uel
261 1568 278 1610 a
301 1551 562 1629 coemptionatore
585 1551 780 1630 manumisit,
805 1570 865 1631 per
885 1550 1128 1631 similitudinem
1148 1555 1270 1634 patroni

149 1638 168 1695 6
186 1644 270 1697 tutor
285 1633 436 1712 efficitur,
461 1638 515 1716 qui
531 1636 713 1699 fiduciarius
729 1646 814 1698 tutor
828 1637 1014 1718 appellatur.
1055 1640 1198 1718 legitimi
1219 1650 1271 1702 tu-

149 1722 272 1783 ltores
293 1721 346 1782 alii
367 1724 495 1784 tutelam
515 1723 547 1783 in
569 1725 639 1785 iure
661 1721 775 1785 cedere
798 1733 942 1804 possunt.
970 1725 1022 1801 ‘ls,
1048 1726 1099 1786 cui
1121 1727 1222 1787 tutela
1238 1727 1269 1786 in
1290 1742 1321 1789 lt

186 1809 256 1869 iure
271 1826 358 1868 cessa
374 1817 436 1887 est,
463 1810 613 1871 cessimus
636 1820 721 1871 tutor
741 1810 931 1890 appellatur.
970 1811 1026 1889 qui
1043 1811 1112 1873 siue
1127 1822 1270 1874 mortuus

186 1893 282 1954 fuerit
304 1895 372 1955 siue
392 1896 496 1974 capite
518 1898 660 1957 minutus
682 1897 750 1956 siue
772 1897 826 1957 alii
848 1896 975 1957 tutelam
998 1897 1030 1957 ie
1045 1898 1113 1958 itae
1127 1900 1267 1978 cesserit,

186 1979 270 2041 redit
291 1979 331 2041 ad
353 1980 530 2060 legitimum
550 1991 685 2043 tutorem
706 1982 816 2043 tutela.
850 1981 962 2044 sedet
984 1984 1011 2043 si
1031 1983 1190 2064 legitimus
1213 1985 1271 2047 de·

186 2067 318 2126 cesserit
332 2076 387 2126 aut
402 2068 503 2146 capite
519 2067 660 2129 minutus
679 2066 785 2145 luerit,
810 2068 941 2129 cessioia
957 2087 1085 2148 quoque
1100 2071 1198 2133 tutela
1213 2090 1271 2132 ex·

148 2152 350 2229 8tinguitur.
388 2152 546 2224 Quantum
568 2152 609 2214 ad
632 2163 760 2232 agnatos
784 2154 931 2233 pertinet,
958 2154 1051 2216 hodie
1074 2159 1201 2219 cessiot'a
1217 2167 1270 2218 tu·
1289 2174 1320 2219 ac

186 2237 248 2296 tela
270 2254 332 2296 non
355 2236 514 2316 procedit,
537 2240 685 2317 quoniam
707 2240 898 2319 permissum
921 2248 988 2300 erat
1009 2241 1043 2301 in
1067 2244 1134 2303 iure
1156 2241 1270 2305 cedere

186 2322 317 2390 tutelam
332 2320 522 2384 feminarum
537 2334 678 2401 tantum,
702 2343 764 2385 non
782 2326 878 2386 etiam
893 2325 1117 2404 masculorum,
1137 2327 1271 2389 femina-

187 2426 259 2469 rum
281 2418 386 2470 autem
408 2410 563 2489 legitimas
585 2411 700 2471 tutelas
715 2411 767 2471 lex
782 2410 912 2472 Claudia
927 2412 1057 2473 sustulit
1072 2423 1203 2493 excepta
1217 2425 1271 2475 tu-

184 2496 248 2556 tela
263 2505 480 2575 patronorum.

83 2585 101 2643 9
128 2582 166 2642 to
273 2583 423 2662 Legitima
445 2582 542 2643 tutela
563 2582 677 2662 capitis
696 2581 914 2645 deminutione
937 2586 1103 2646 amittitur.
1152 2585 1270 2664 Capitis
1289 2602 1321 2648 25

129 2669 161 2727 lt
186 2668 371 2729 minutionis
386 2669 508 2747 species
524 2678 599 2730 sunt
612 2679 694 2748 tres,
713 2671 865 2748 maxima,
886 2671 1006 2748 media,
1026 2671 1166 2732 minima.
1206 2673 1271 2732 lda-

184 2755 272 2815 xima
292 2753 403 2834 capitis
424 2752 597 2816 deminutio
620 2765 683 2835 est,
709 2775 766 2835 per
787 2773 884 2835 quam
906 2766 938 2818 et
960 2758 1072 2818 ciuitas
1092 2767 1123 2818 et
1138 2756 1271 2819 libertas

185 2841 356 2901 amittitur:
390 2841 490 2903 ueluti
513 2860 585 2903 cum
607 2842 757 2903 incensus
779 2842 894 2921 aliquis
919 2844 1074 2919 uenierit,
1104 2852 1159 2905 aut
1186 2843 1271 2925 quod

186 2927 299 2988 mulier
320 2927 423 2988 alieno
446 2946 538 2989 seruo
561 2947 595 2989 se
617 2929 759 2989 iunxerit
781 2928 986 2990 denuntiante
1009 2928 1134 2990 domino
1158 2939 1191 2992 et
1212 2950 1271 2992 an-

129 3015 167 3073 ta
184 3014 256 3074 oilla
280 3012 358 3075 lacta
380 3013 480 3074 luerit
502 3033 542 3075 ex
564 3025 692 3075 senatus
715 3015 856 3076 consulto
879 3014 1059 3077 Claudiano.
1098 3016 1200 3078 lledia
1216 3036 1270 3080 oa·
1289 3030 1321 3075 tc

117 3094 120 3097 ’
185 3101 260 3180 pitis
276 3098 451 3161 deminutio
466 3098 599 3179 dicitur,
626 3120 684 3180 per
705 3119 799 3180 quam
820 3102 884 3162 sola
898 3103 1027 3163 ciuitate
1043 3104 1156 3163 amissa
1172 3102 1271 3165 liber-

186 3196 234 3247 tas
257 3187 429 3247 retinetur:
457 3185 541 3265 quod
564 3187 599 3247 fit
621 3189 655 3247 in
677 3206 713 3248 eo
736 3189 787 3249 cui
810 3199 945 3267 aquaet
968 3189 1035 3269 igni
1056 3187 1267 3252 interdicitur.

129 3271 166 3331 l3
187 3272 313 3333 llinima
333 3273 445 3351 capitis
465 3272 642 3334 deminutio
662 3283 719 3351 est,
730 3323 733 3329 .
746 3292 805 3352 per
826 3292 921 3353 quam
938 3285 968 3335 et
984 3275 1111 3336 ciuitate
1126 3284 1157 3336 et
1173 3274 1272 3337 liber-

185 3367 250 3417 tate
273 3358 360 3419 salua
382 3368 482 3419 status
503 3358 664 3420 dumtaxat
689 3359 826 3420 hominis
851 3370 1008 3421 mutatur:
1042 3360 1128 3440 quod
1153 3361 1188 3422 lit
1211 3361 1271 3423 ad·
1372 3369 1378 3381 '

186 3444 312 3522 optione
328 3450 360 3504 'et
376 3445 409 3503 in
425 3462 551 3504 manum
567 3444 782 3506 conuentione.
1288 3458 1319 3504 as

192 3614 400 3626 *mrammxmxsvvws
654 3616 990 3632 ,μΛΛΑΛΑΛΛΜΜΛΑΛΑΛΛΛΛΛ
1193 3617 1266 3631 ΛΛΛΛΙ

258 3737 341 3785 itam
354 3747 403 3784 orn.
423 3730 469 3800 Gli
485 3738 499 3783 3
514 3736 647 3799 ignoratia
663 3735 682 3786 0
698 3732 709 3800 ΙΙ
727 3739 739 3783 t
755 3737 855 3786 senatis
871 3736 920 3787 gap
937 3733 948 3802 ΙΙ
965 3739 1102 3802 tquicm.
1120 3737 1140 3787 C
1160 3734 1171 3803 ΙΙ
1194 3740 1271 3803 tpa-

187 3804 241 3853 lam
257 3804 551 3868 Vallem‘perpalamll
579 3801 589 3870 ΙΙ
618 3803 765 3868 tagnitiC
785 3801 795 3871 ΙΙ
817 3804 935 3869 agnitiC
962 3803 973 3871 ΙΙ
1003 3810 1030 3855 lt
1047 3807 1135 3871 patrui
1144 3811 1204 3866 post
1216 3805 1272 3857 fra·

186 3874 235 3923 tris
254 3874 359 3922 collocat
375 3873 526 3924 Chorondos
559 3870 569 3938 ΙΙ
606 3878 635 3923 ta
654 3874 820 3938 patruelisG
853 3871 863 3940 ΙΙ
899 3879 929 3923 ta
949 3875 1236 3939 quoemptianatorcC
1262 3873 1272 3941 ll

187 3945 217 3991 tt
238 3941 418 3993 aliitutelac
451 3938 462 4008 ll
497 3945 527 3990 46
548 3942 714 3993 concessae
741 3939 751 4009 ΙΙ
780 3943 936 3994 cassicusc
962 3939 973 4009 ΙΙ
1008 3946 1037 3991 tr
1057 3943 1177 3994 tutelac
1204 3940 1215 4010 [Ι
1243 3946 1271 3995 in

187 4011 245 4060 iure
264 4012 378 4062 cesserit
396 4011 503 4074 lloeder,
522 4011 727 4076 processeritc
758 4008 769 4076 ll
803 4015 835 4061 it
855 4011 985 4062 eeseiac
1016 4008 1027 4077 ll
1062 4014 1094 4059 22
1110 4012 1231 4063 tutelae
1262 4010 1274 4080 ΙΙ

185 4082 219 4127 23
239 4079 387 4130 sustineto
418 4076 430 4145 ll
464 4084 494 4130 28
513 4079 655 4130 ueneritC
686 4077 697 4146 ll
731 4083 779 4130 aut
790 4081 898 4140 mulier,
912 4079 985 4143 quod
998 4080 1087 4130 alieno
1099 4093 1121 4130 s.
1136 4093 1158 4132 e.
1173 4082 1203 4144 i.‚
1224 4082 1273 4133 de·

188 4150 329 4198 nuntiante
341 4148 454 4199 domino
467 4151 526 4200 eius
538 4148 637 4200 ancilla
650 4149 768 4199 Huschke
795 4147 807 4214 ΙΙ
836 4153 868 4199 tt
887 4161 971 4198 manu
984 4147 1140 4201 conditione
1154 4149 1174 4201 0
