3010 4738
576 411 662 424 ....
707 377 767 441 123
810 412 896 424 ....
1038 378 1278 438 ramum-rs

548 567 611 646 [ιιιι
654 586 692 627 na
714 567 921 647 nnrnronrnvs]
952 648 954 651 Ι

158 690 170 748 1
282 686 399 749 Omnes
419 686 545 747 omnino
560 686 687 748 deferre
702 688 837 750 alterum
859 696 890 748 et
912 705 1038 749 causam
1061 690 1277 768 pecuniariam

196 773 269 834 fisco
285 775 434 835 nuntiare
449 771 677 853 prohibentur:
703 793 763 835 nec
779 772 887 851 refert,
906 792 1010 835 mares
1026 773 1110 835 istud
1127 794 1166 836 an
1183 773 1277 836 ferni-

194 879 254 922 nae
270 859 404 938 faciant,
429 860 516 920 serui
531 877 570 920 an
587 859 719 939 ingenui
735 879 774 939 ap
791 858 950 936 libertini,
970 877 1010 920 an
1026 877 1099 920 suos
1113 879 1153 921 an
1170 869 1277 923 extra-

155 946 272 1009 2neos
287 944 449 1007 delerant:
476 947 561 1005 omni
578 946 662 1006 enirn
684 944 775 1006 modo
791 947 977 1026 puniuntur.
1027 945 1120 1006 Serui
1140 946 1273 1025 liscales,
1295 958 1311 1004 5

195 1033 251 1111 qui
267 1050 392 1094 causam
414 1030 539 1093 domino
554 1031 688 1112 prodere
704 1033 903 1094 annuntiare
919 1030 1130 1109 contendunt,
1149 1030 1276 1094 deferre

194 1135 257 1178 uon
278 1116 439 1178 uidentur.
487 1115 651 1180 subornati
672 1136 748 1180 sane
772 1137 863 1179 reum
881 1115 1017 1198 prodere
1041 1126 1210 1198 coguntur,
1234 1136 1276 1179 ne

194 1204 250 1284 qui
273 1202 357 1284 quod
372 1222 431 1284 per
445 1222 480 1264 se
501 1222 564 1265 non
580 1212 683 1284 potest
698 1223 758 1284 per
771 1204 867 1266 alium
889 1201 1022 1266 delerat.
1069 1201 1202 1283 perinde
1219 1222 1277 1266 au-

155 1289 174 1350 3
194 1298 259 1350 tem
281 1288 506 1352 subornatores
529 1309 565 1352 ac
587 1288 743 1352 delatores
766 1293 953 1370 puniuntur.
1006 1290 1151 1351 Damnati
1174 1290 1272 1369 serui,

194 1376 263 1438 siue
283 1386 355 1456 post
374 1377 565 1439 sententiam
587 1377 655 1440 siue
679 1386 752 1439 ante
767 1377 956 1437 sententiam
979 1373 1177 1437 dominorum
1200 1373 1277 1437 laci·
1296 1381 1329 1433 ιο

194 1481 270 1523 nora
287 1461 419 1523 confessi
435 1463 516 1538 sint,
540 1462 627 1523 nullo
643 1461 734 1523 modo
751 1461 941 1540 audiuntur,
959 1462 1021 1523 nisi
1037 1461 1117 1522 forle
1134 1481 1203 1523 reos
1219 1461 1276 1523 de-

194 1546 297 1609 lerant
310 1549 494 1610 maiestatis.

455 1719 514 1802 [rur
556 1738 593 1781 nr
617 1711 843 1793 Qvansnonmrs
866 1720 1018 1798 narraris]

159 1839 170 1897 l
280 1840 315 1899 ln
331 1839 518 1902 criminibus
533 1839 684 1902 eruendis
700 1841 844 1920 quaestio
860 1838 989 1920 quidem
1006 1838 1193 1902 adhibetur:
1220 1839 1277 1901 sed

194 1943 257 1985 non
274 1927 379 1987 statim
395 1945 412 1987 a
427 1927 592 1987 tormentis
614 1925 831 2006 incipiendum
848 1933 906 2004 est,
925 1925 1060 2005 ideoque
1075 1926 1166 2006 prius
1179 1923 1278 2006 argu·
1297 1939 1329 1986 ιο

194 2011 311 2072 mentis
326 2010 563 2092 quaerendum,
588 2013 662 2073 etsi
678 2013 859 2092 suspicione
876 2011 982 2091 aliqua
997 2031 1070 2073 rens
1088 2021 1273 2092 urgueatur,

195 2094 346 2158 adhibitis
359 2099 525 2157 tormentis
548 2095 588 2157 de
604 2098 697 2158 sociis
712 2105 742 2158 et
757 2096 932 2158 sceleribus
954 2098 1020 2158 suis
1035 2097 1175 2160 confiteri
1192 2118 1277 2160 com-

157 2181 335 2262 apellitur.
381 2183 481 2244 Vnius
503 2182 651 2244 facinoris
673 2183 803 2263 plurimi
819 2183 867 2244 rei
889 2183 933 2244 ita
955 2181 1108 2244 audiendi
1122 2193 1215 2264 sunt,
1240 2194 1276 2246 ut

195 2267 235 2329 ab
251 2287 287 2331 eo
301 2269 441 2349 primum
457 2269 644 2348 incipiatur,
664 2269 719 2349 qui
734 2266 874 2330 timidior
888 2277 920 2331 et
935 2278 1065 2331 tenerae
1081 2271 1191 2331 aetatis
1206 2289 1276 2332 esse
1351 2304 1354 2310 ·

157 2353 175 2413 3
194 2353 354 2417 uideatur.
393 2353 496 2417 *Reus
511 2353 762 2417 euidentiorihus
777 2355 972 2436 argumentis
988 2373 1158 2435 oppressus
1174 2357 1276 2435 repeti
1296 2371 1330 2415 ao

193 2439 245 2502 *in
262 2442 477 2520 quaestionem
493 2450 611 2522 potest,
636 2442 771 2504 maxime
787 2442 814 2502 si
830 2443 863 2502 in
879 2452 1035 2503 tormenta
1050 2441 1191 2502 animum
1207 2460 1276 2502 cor-

158 2527 175 2587 l
192 2524 336 2607 *pusque
353 2526 529 2590 durauerit.
553 2529 589 2588 ln
605 2547 643 2591 ea
657 2547 761 2606 causa,
779 2529 812 2589 in
828 2546 890 2609 qua
906 2528 1002 2588 nullis
1017 2546 1091 2589 reus
1107 2546 1278 2607 argumen-

192 2612 252 2674 *tis
265 2613 474 2693 urguebatur,
491 2622 649 2677 tormenta
664 2633 726 2675 non
743 2614 834 2676 facile
851 2613 1031 2676 adhibenda
1047 2623 1134 2676 sunt:
1154 2613 1212 2676 sed
1227 2614 1278 2674 in-

193 2696 357 2760 *standum
384 2702 575 2780 accusatori,
600 2708 636 2762 ut
660 2699 693 2762 id
709 2700 793 2780 quod
816 2700 960 2762 intendat
981 2699 1163 2781 comprobet
1180 2708 1276 2780 atque

155 2785 175 2844 5
192 2782 387 2847 *conuinoat
435 2787 544 2848 Testes
562 2785 733 2865 torquendi
749 2806 812 2847 non
828 2795 903 2848 sunt
919 2785 1128 2848 conuincendi
1144 2786 1277 2848 menda·
1294 2801 1331 2847 ss

192 2870 252 2932 *cii
264 2881 318 2934 aut
328 2873 473 2935 ueritatis
487 2873 599 2953 gratia,
618 2873 681 2933 nisi
694 2891 766 2935 oum
778 2871 858 2934 facto
872 2873 1083 2935 interuenisse
1094 2871 1278 2934 dicuntur*

585 3062 632 3142 [xv
674 3079 712 3122 nr
737 3062 884 3140 rrsrmvs]

156 3182 170 3240 l
279 3182 448 3262 Suspectus
468 3183 587 3263 gratiae
601 3190 716 3261 testes,
736 3192 768 3244 et
783 3201 835 3245 eos
850 3181 903 3242 nel
918 3181 1071 3261 maxime,
1090 3200 1168 3263 quos
1183 3200 1277 3245 acon-

194 3275 278 3328 sator
293 3266 333 3329 dc
345 3266 436 3329 domo
450 3266 638 3349 produxerit
647 3269 700 3330 uel
715 3270 801 3331 uitae
813 3268 976 3330 humilitas
987 3268 1158 3346 infamarit,
1176 3269 1278 3330 inter-

195 3354 298 3431 rogari
313 3371 375 3413 non
399 3354 534 3433 placuit:
561 3356 594 3415 in
616 3363 696 3416 teste
718 3355 804 3415 enim
827 3362 858 3414 et
873 3355 958 3415 uitae
982 3355 1117 3434 qualitas
1139 3355 1275 3435 spectari
1295 3366 1329 3412 ιο

201 3520 1274 3539 ἿΜΝῚἏΛΙΝΝᾺΛΝΜΜΜΝΝΜΜᾺΙΨᾺΜΜΜΜΜᾺΛΝΜ

263 3610 306 3671 ιι,
320 3611 385 3658 ι-ιι
401 3628 433 3652 =
446 3609 507 3674 ιιι.
522 3612 565 3673 ιι,
580 3613 622 3671 ιι,
638 3614 667 3661 ιι
678 3623 721 3673 pr.
737 3607 763 3674 11
776 3613 842 3658 ι-ι
873 3609 884 3673 11
915 3615 957 3673 ιι,
973 3615 982 3659 ι
1000 3631 1032 3654 =
1048 3610 1155 3661 Cottam
1167 3612 1193 3671 ο,
1208 3613 1233 3672 ι,
1249 3614 1272 3660 ιι

193 3690 228 3729 ιιι
236 3682 314 3741 parte
326 3697 358 3720 =
372 3676 432 3742 [ιιι.
448 3681 490 3740 ιι,
504 3681 531 3741 t,
545 3681 577 3728 ιι

193 3816 240 3828 -υψν
245 3814 312 3831 m

263 3921 293 3968 ιι
312 3921 441 3983 urgeatur
455 3919 491 3979 ll,
505 3920 664 3983 arguaturh
705 3919 716 3984 11
758 3923 790 3969 ιι
808 3919 844 3985 et]
858 3919 1031 3983 estuelDip.
1073 3919 1084 3981 11
1124 3921 1277 3971 aetatisui·

193 3986 272 4039 detur
284 3988 345 4052 Dic.
386 3988 398 4052 11
439 3991 470 4037 ιι
489 3988 614 4052 testibus]
634 3989 749 4040 testibus
767 3990 844 4040 etde
866 3990 908 4052 (de
921 4002 970 4039 om.
986 3992 1011 4050 ι,
1027 3990 1049 4050 ι)
1071 3988 1278 4052 quaestionibus

196 4056 257 4107 Goll.
272 4061 298 4119 8,
312 4060 337 4106 a.
352 4057 476 4120 motos.
491 4058 562 4121 adp.
578 4061 682 4118 ιιο,1ο
718 4059 729 4123 11
764 4062 796 4108 ιι
809 4060 972 4122 gratianum.
990 4056 1053 4108 Coll.
1090 4057 1101 4121 1
1136 4059 1277 4109 ιιοοιιιιίι

196 4124 285 4183 cunr,
300 4125 413 4177 deduxit
426 4126 513 4177 coum
528 4127 608 4178 Coll.l
636 4126 648 4191 1
676 4128 836 4192 interrogari
849 4129 911 4179 dett.
929 4126 991 4177 Coll.
1007 4127 1081 4191 Dip„
1096 4129 1278 4192 interrogatus

193 4194 242 4244 ML
276 4194 287 4256 11
321 4198 352 4243 ιο
372 4195 486 4247 testibus
502 4195 564 4247 Coll.
