3010 4738
580 397 666 409 ....
712 364 769 425 121
815 398 901 410 --
1113 363 1188 414 Paul.
1202 364 1236 425 V,
1251 367 1282 412 ta

161 554 179 614 3
198 554 322 616 *ficiose
344 572 438 634 agere
453 552 536 614 circa
558 550 701 614 defuncti
723 551 897 613 uindictam
919 549 1100 614 conuenit*
1144 553 1176 614 Si
1192 562 1285 633 pater

199 641 253 702 uel
268 638 416 701 dominus
438 637 470 700 id
491 647 733 715 testamentum,
761 657 824 718 quo
839 638 924 699 filius
939 638 1009 699 eius
1031 638 1083 700 uel
1099 657 1211 702 seruus
1226 640 1284 700 he-

201 725 294 788 redes
316 726 454 789 instituti
476 734 550 787 sunt
571 733 625 785 aut
647 724 786 804 legatum
808 732 1016 804 acceperunt,
1042 723 1153 786 falsum
1172 724 1284 786 redar-

163 811 179 870 1
200 819 299 894 guant
313 830 373 873 nec
388 810 561 890 obtineant,
581 810 655 871 fiseo
670 810 757 871 locus
772 820 831 871 θεῖ.
870 809 973 871 Aetati
989 810 1068 888 eius,
1088 812 1144 890 qui
1159 821 1284 872 accusat

200 907 439 975 testamentum,
467 898 494 958 si
511 916 572 959 non
594 895 750 974 obtineat,
770 896 913 958 succurri
936 895 1015 957 solet
1029 895 1063 956 in
1085 894 1118 956 id
1139 897 1224 976 quod
1240 898 1282 958 ita
1303 908 1317 953 ε

199 985 321 1046 amisit:
341 985 477 1044 maxime
493 983 520 1044 si
536 983 647 1044 tutoris
663 991 718 1044 aut
733 984 885 1043 curatoris
901 983 1030 1043 consilio
1046 982 1126 1043 actio
1139 982 1282 1045 instituta

149 1070 183 1128 4²
200 1072 252 1132 sit.
298 1069 417 1131 *Minor
430 1070 543 1150 uiginti
559 1071 701 1148 quinque
723 1068 815 1129 annis
831 1070 976 1129 omissam
992 1068 1210 1148 allegationem
1226 1087 1285 1149 per

163 1154 251 1218 5*in
268 1157 430 1235 integrum
452 1154 658 1217 restitutionis
679 1155 831 1216 auxilium
849 1164 995 1234 repetere
1017 1152 1152 1234 potest*
1195 1155 1230 1214 ln
1247 1173 1283 1216 ea

200 1243 375 1324 prouincia,
395 1260 435 1303 ex
449 1260 514 1321 qua
528 1242 601 1321 quis
615 1241 771 1321 originem
786 1238 883 1318 ducit,
902 1238 1041 1302 officium
1056 1240 1161 1302 fiscale
1177 1238 1284 1301 admi-

200 1329 334 1389 nistrare
354 1326 557 1409 prohibetur,
582 1346 622 1388 ne
644 1335 699 1388 aut
721 1328 877 1407 gratiosus
897 1334 951 1387 aut
972 1327 1183 1388 calumniosus
1198 1325 1284 1406 apud
1303 1336 1333 1391 44

163 1412 181 1471 o
200 1433 274 1476 suos
289 1433 360 1476 esse
375 1413 535 1476 uideatur.
566 1413 717 1486 Quotiens
733 1415 802 1474 siue
818 1414 1003 1474 auctoritate
1019 1410 1148 1474 iudicati
1164 1410 1285 1474 officia-

199 1501 247 1562 les
261 1501 396 1562 alicuius
416 1499 498 1561 bona
520 1508 674 1579 occupant
694 1499 747 1560 uei
770 1498 957 1566 describunt
975 1499 1029 1560 uel
1049 1498 1111 1561 suh
1131 1497 1284 1561 obserua-

200 1587 286 1648 tione
302 1605 371 1648 esse
394 1585 530 1664 iaciunt,
555 1584 639 1647 adito
660 1595 863 1666 procuratore
886 1585 1002 1646 iniuria
1023 1584 1231 1648 submouetur
1253 1593 1284 1646 et

200 1674 248 1733 rei
264 1673 360 1735 huius
381 1681 526 1736 auctores
541 1670 582 1733 ad
597 1671 773 1753 praefectos
793 1672 950 1752 praetorio
972 1669 1130 1752 puniendi
1150 1671 1284 1733 mittun-

163 1757 181 1817 7
199 1768 263 1820 tur.
311 1760 409 1820 Litem
431 1761 464 1821 in
478 1758 652 1839 perniciem
673 1760 869 1839 priuatorum
886 1757 960 1818 fiseo
980 1757 1091 1820 donari
1113 1776 1175 1818 non
1190 1776 1284 1838 opor·
1302 1763 1333 1812 44

163 1844 182 1901 8
200 1853 246 1905 tet
260 1863 320 1907 nec
334 1843 375 1906 ah
391 1844 502 1907 eodem
525 1843 670 1907 donatam
691 1844 820 1925 suscipi.
867 1843 1090 1924 Imperatorem
1109 1843 1175 1905 litis
1190 1862 1284 1906 causa

200 1929 351 1992 heredem
374 1931 498 1992 institui
520 1929 713 1993 inuidiosum
729 1936 794 1991 est:
819 1948 878 1991 nec
900 1929 984 1990 enim
1007 1928 1220 1991 calumniandi
1238 1927 1284 1991 fa·

164 2015 182 2073 9
201 2017 349 2077 cultatem
367 2035 406 2078 ex
420 2016 589 2096 principaii
611 2017 774 2076 maiestate
790 2015 859 2094 capi
874 2023 1006 2094 oportet.
1053 2016 1100 2076 Ex
1115 2014 1201 2077 nude
1216 2016 1285 2096 pol-

200 2102 371 2162 licitatione
386 2102 474 2163 nulla
488 2102 568 2162 actio
582 2101 740 2162 nascitur:
759 2099 894 2179 ideoque
910 2100 980 2162 eius
994 2099 1086 2178 bona,
1105 2102 1161 2182 qui
1176 2120 1210 2163 so
1225 2102 1284 2163 he-

202 2186 311 2248 redem
323 2188 544 2268 imperatorem
559 2186 715 2248 iacturum
728 2205 798 2248 θεεθ
814 2187 995 2265 iactauerat,
1013 2204 1032 2247 a
1047 2185 1121 2248 fisco
1136 2189 1283 2268 occupari
1300 2196 1333 2243 so

150 2273 184 2331 9a
201 2292 263 2334 non
286 2282 430 2353 possunt.
483 2272 550 2334 *Ex
571 2271 757 2353 imperfecto
779 2280 967 2334 testamento
987 2272 1088 2352 legata
1116 2273 1169 2334 uel
1190 2271 1284 2334 fidei-

199 2359 383 2421 *eommissa
404 2360 628 2440 imperatorem
648 2357 812 2420 uindicare
834 2357 1085 2421 inuerecundum
1102 2367 1165 2420 est:
1192 2358 1283 2420 decet

200 2446 303 2508 *enim
318 2454 424 2507 tantae
439 2447 595 2507 maiestati
611 2464 665 2506 eas
679 2463 808 2506 seruare
824 2445 927 2525 leges,
946 2442 1063 2525 quibus
1078 2446 1147 2525 ipso
1162 2444 1283 2506 solutus

148 2523 183 2589 91’
200 2531 289 2594 *esse
304 2531 444 2594 uidetur.
490 2530 582 2604 Quod
597 2532 625 2592 si
640 2550 676 2592 ea
692 2529 791 2609 hona,
818 2530 992 2611 exquibus
1008 2532 1177 2610 imperator
1191 2532 1283 2591 heres

199 2617 383 2681 *institutus
399 2627 457 2697 est,
476 2616 627 2679 soluendo
642 2635 704 2678 non
717 2618 791 2694 sint,
809 2637 843 2678 re
860 2627 1024 2698 perspecta
1035 2617 1208 2678 consulitur
1222 2616 1284 2676 im·
1302 2624 1333 2670 2⁵

198 2704 360 2785 *peratorz
383 2702 512 2766 heredis
527 2704 613 2766 enim
628 2703 764 2765 instituti
780 2703 812 2763 in
829 2702 985 2765 adeundis
1005 2704 1058 2765 uel
1074 2700 1283 2783 repudiandis

143 2790 180 2849 to
198 2789 398 2853 *huiusmodi
419 2789 652 2852 hereditatibus
672 2789 820 2851 uoluntas
842 2787 1035 2869 exploranda
1057 2787 1138 2851 est*
1178 2789 1283 2851 Priui-

199 2877 318 2957 lcgium
339 2876 406 2938 fisci
428 2886 478 2939 est
498 2876 583 2938 inter
601 2894 710 2937 omnes
725 2875 897 2937 creditores
918 2877 1058 2956 primum
1079 2875 1182 2936 locum
1203 2876 1283 2937 reti-

142 2963 175 3021 41
200 2982 288 3026 nere.
335 2963 534 3043 Quicumque
555 2963 662 3024 afisco
684 2963 887 3038 conuenitur,
912 2980 975 3022 non
992 2981 1032 3022 ex
1054 2960 1161 3023 indice
1177 2969 1209 3023 et
1224 2981 1283 3023 ex-

200 3050 304 3131 emplo
315 3049 451 3112 alicuius
462 3050 649 3130 scripturae,
662 3046 720 3110 sed
731 3067 772 3109 ex
783 3047 962 3109 authentico
974 3046 1277 3126 conueniendusest,
1300 3056 1332 3102 ao

201 3136 298 3216 etita,
312 3137 339 3197 si
352 3145 529 3198 contractus
541 3134 620 3197 [ides
631 3135 731 3215 possit
742 3133 884 3196 ostendi:
904 3142 1044 3195 ceterum
1058 3133 1281 3195 calumniosam

199 3223 390 3303 scripturam
411 3223 477 3283 uim
492 3223 593 3284 iustae
607 3222 770 3301 petitionis
790 3222 824 3280 in
840 3219 957 3282 iudicio
971 3219 1114 3281 obtinere
1128 3238 1192 3280 non
1207 3238 1283 3281 con-

144 3306 181 3366 12
200 3308 300 3369 θθθὶῖ.
347 3308 423 3370 Eius
437 3307 534 3386 hona,
559 3308 615 3387 qui
630 3307 740 3368 falsam
757 3314 914 3367 monetam
935 3306 1132 3387 percussisse
1154 3304 1279 3383 dicitnr,

199 3477 767 3492 WMWMMAWAMMMJWNMMAWM
984 3475 1230 3490 ἸΑΛΛΛΛΛΛΛΛΛΛΛΛΛΝ
1238 3477 1247 3488 Α
1252 3478 1262 3489 a
1268 3478 1278 3487 μ

270 3549 312 3606 44,
327 3547 356 3594 i*
368 3565 400 3589 =
414 3547 474 3611 Dip.
490 3524 514 3606 t.
531 3547 555 3606 1,
569 3549 611 3606 36,
625 3559 691 3607 quae
703 3543 799 3596 rectius
809 3545 922 3608 sortasse
933 3547 1005 3596 titolo
1019 3549 1043 3605 5,
1058 3549 1090 3594 444
1102 3545 1250 3595 restituitor
1272 3541 1282 3597 i!

201 3613 536 3679 ts,8=Dtp.ss,s,sa
582 3614 594 3677 ΙΙ
642 3614 1233 3678 tmiodeoa.tacius=Dtp.28,t‚tt
1272 3608 1283 3678 ΙΙ

200 3684 405 3803 1239⁸=Dtp
421 3686 509 3744 emt
545 3681 556 3746 ll
592 3680 926 3748 ta,eb=ntp.t,to,s
964 3683 975 3745 ΙΙ
1015 3681 1280 3746 imminuet,

218 3792 225 3816 1

200 3874 252 3887 ΛΜ
625 3870 876 3884 mmmm

269 3979 283 4025 8
302 3980 363 4026 ootc
374 3972 387 4038 1
400 3980 414 4023 t
428 3977 527 4026 codices
537 3976 671 4026 meracam
681 3974 716 4025 de
728 3974 788 4025 fisci
800 3975 936 4026 aduocato
948 3976 1067 4023 inserunt
1100 3971 1112 4035 ΙΙ
1150 3975 1181 4022 44
1200 3987 1281 4038 prae-

199 4042 270 4094 fecto
283 4046 320 4107 11,
333 4044 520 4110 praefectust
549 4043 560 4107 ΙΙ
591 4047 622 4093 46
640 4043 740 4094 donata
752 4046 851 4094 codices
879 4043 890 4108 11
920 4046 951 4092 47
971 4053 1022 4092 nec
1035 4041 1173 4093 calumnia
1186 4043 1246 4107 Dtp.
1271 4041 1282 4106 11

201 4116 232 4162 tt
251 4114 375 4177 imperat.
390 4113 452 4164 fact.
466 4113 595 4164 heredem
608 4113 668 4177 Dio.
699 4112 711 4177 11
741 4115 768 4162 tt
791 4114 864 4162 etita
877 4113 938 4177 Dio.
953 4112 1093 4161 secundom
1107 4110 1230 4173 Graecos,
1244 4113 1282 4162 ita

200 4182 261 4246 Dio.
277 4181 305 4242 F,
319 4184 346 4232 et
357 4185 455 4233 codices
472 4182 608 4247 Wiripotti
636 4181 647 4245 ΙΙ
677 4185 709 4230 142
728 4183 815 4232 ἰθεῖθθ
826 4183 881 4247 pet.
895 4194 946 4231 om.
960 4181 1019 4243 Dip.
