3010 4738
573 365 677 378 ......
720 332 761 394 99
805 367 891 379 ...-
1079 332 1281 395 raul.1v,r.s
1337 406 1339 411 Δ

538 519 589 601 [vn
631 540 669 581 nr
692 540 763 582 snos
785 521 939 602 coruram]

158 645 174 703 4
286 640 347 713 Qui
361 648 585 702 testamentum
601 639 714 702 falsum
735 640 898 721 scripserit
912 642 1096 702 recitauerit
1111 641 1283 704 subiecerit

199 726 374 807 signauerit
385 727 600 806 suppresserit
610 728 765 789 amouerit
776 727 986 807 resignauerit
997 725 1164 808 deleucrit,
1181 747 1284 809 poena

200 815 279 894 legis
296 812 460 874 Corneliae
484 811 524 874 de
543 812 631 873 falsis
652 811 831 891 tenebitur,
857 812 889 874 id
905 820 952 873 est
967 813 1000 873 in
1016 814 1152 875 insulam
1166 813 1284 895 depor-

156 903 294 961 aratur.
342 900 409 960 Non
431 908 554 960 tantum
576 899 619 977 is,
640 899 696 978 qui
711 906 934 960 testamentum
956 897 1091 960 subiecit
1105 902 1285 982 suppressit
1303 904 1318 958 5‘

199 984 338 1063 deleuit,
357 1004 459 1065 poena
474 986 553 1065 legis
570 985 731 1046 Corneliae
747 993 925 1062 coercetur,
945 983 1092 1047 sedetis
1108 987 1164 1065 qui
1180 989 1284 1048 sciens

157 1075 179 1132 3
201 1071 271 1132 dolo
287 1071 369 1132 malo
385 1069 419 1133 id
434 1071 503 1132 lieri
520 1072 612 1132 iussit
632 1070 853 1153 faciendumne
869 1071 1002 1132 curauit.
1049 1072 1284 1133 Testamentum

200 1158 385 1238 supprimit,
404 1158 459 1237 qui
474 1159 578 1219 sciens
593 1156 800 1239 prudensque
815 1155 939 1218 tabulas
953 1157 1133 1219 testamenti
1149 1159 1182 1218 in
1198 1156 1286 1219 frau-

201 1243 274 1306 dem
294 1240 450 1304 heredum
473 1244 525 1304 uel
554 1244 777 1323 legatariorum
803 1241 1209 1306 fideiuecommissoriorum
1231 1252 1285 1306 aut

159 1329 396 1391 ilibertatium
419 1349 482 1391 non
503 1330 632 1411 profert.
680 1329 887 1409 Supprimere
911 1327 1035 1390 tabulas
1060 1327 1204 1408 uidetur,
1229 1329 1285 1409 qui
1304 1340 1335 1385 40

158 1418 181 1476 ὅ
201 1436 274 1477 cum
288 1414 404 1477 habeat
426 1424 456 1476 et
470 1415 613 1495 proferre
629 1416 738 1496 possit,
759 1433 811 1476 eas
827 1414 971 1497 proferre
987 1434 1050 1476 non
1066 1424 1164 1477 curat.
1191 1414 1286 1478 Codi-

203 1503 266 1562 cilli
283 1520 409 1582 quoque
425 1503 451 1562 si
466 1503 584 1563 lateant
599 1521 658 1563 nec
673 1499 889 1582 proferantur,
906 1502 1061 1583 supprimi
1076 1500 1282 1564 uidebuntur.

160 1591 182 1650 6
202 1586 311 1649 Edicto
326 1596 479 1668 perpetuo
496 1597 635 1666 cauetur,
655 1597 707 1666 ut,
727 1589 754 1649 si
769 1586 901 1648 tabulae
912 1588 1093 1649 testamenti
1107 1607 1171 1649 non
1187 1607 1285 1669 appa-

111 1709 113 1713 ·
202 1684 308 1753 reant,
335 1672 375 1734 de
391 1692 500 1735 earum
522 1672 715 1735 exhibitione
732 1672 900 1734 interdicto
923 1672 1049 1735 reddito
1070 1674 1152 1735 intra
1167 1692 1286 1735 annum

201 1760 251 1840 agi
274 1762 389 1841 possit,
416 1758 540 1839 quoad
563 1759 780 1821 exhibendum
803 1760 1003 1840 compellitur
1025 1762 1079 1840 qui
1102 1761 1282 1842 supprimit.
1306 1770 1337 1817 ts

201 1845 381 1907 tabularum
397 1855 502 1907 autem
518 1846 728 1927 appellatione
750 1846 877 1907 chartae
894 1864 1020 1929 quoque
1036 1854 1069 1907 et
1083 1846 1286 1909 membranae

200 1933 415 1994 continentur.

441 2119 502 2202 [nn
546 2138 584 2179 nr
606 2138 827 2182 rurrsraronru
848 2118 1047 2200 sucosssrom]

162 2242 179 2301 4
288 2240 449 2302 *Intestati
465 2239 625 2318 dicuntur,
644 2242 700 2321 qui
712 2248 938 2302 testamentum
952 2240 1054 2301 lacere
1066 2257 1130 2299 non
1141 2245 1284 2318 possunt,

202 2326 273 2389 *uel
297 2328 358 2407 ipsi
379 2327 499 2405 linum,
523 2334 560 2388 ut
582 2327 722 2388 intestati
737 2325 947 2405 decederent,
965 2324 1177 2405 abruperunt,
1197 2323 1250 2386 uel
1265 2325 1288 2384 ii
1306 2337 1339 2382 so

201 2412 357 2493 *quorum
372 2412 533 2474 hereditas
549 2411 717 2492 repudiata
733 2421 797 2491 est,
817 2413 948 2474 cuiusue
964 2409 1105 2472 condicio
1121 2407 1285 2472 deiecerit.

164 2501 184 2562 2
202 2496 322 2580 *[Sine]
342 2502 411 2561 iure
426 2500 583 2579 praetorio
600 2498 715 2560 lactum
732 2507 956 2561 testamentum
967 2496 1088 2559 obiecta
1099 2494 1164 2558 doli
1180 2513 1290 2576 excep-

149 2587 186 2649 2²
203 2583 309 2646 *tione
331 2585 497 2647 obtinebit.
546 2587 682 2661 Quorum
703 2593 891 2646 testamenta
911 2592 1104 2664 rumpuntur
1125 2590 1179 2643 aut
1194 2582 1289 2643 inrita

202 2671 313 2751 *fiunt,
332 2673 400 2751 ipso
412 2669 541 2751 quidem
559 2673 628 2733 iure
644 2673 752 2733 testati
764 2670 934 2748 decedunt,
953 2668 1012 2732 sed
1022 2687 1082 2751 per
1090 2686 1290 2748 consequen-

161 2759 183 2818 3
203 2757 282 2820 *tias
297 2757 420 2820 sublato
434 2765 621 2819 testamento
637 2758 778 2819 intestati
794 2756 964 2819 decedunt.
995 2757 1216 2817 Intestatomm
1231 2754 1290 2815 he·
1307 2764 1339 2811 25

203 2842 343 2906 *reditas
365 2844 435 2923 lege
458 2842 625 2905 duodecim
646 2843 826 2905 tabularum
854 2844 994 2925 primum
1015 2841 1081 2903 suis
1102 2839 1287 2919 heredibuS,

206 2929 341 2992 *deinde
356 2930 479 3010 agnatis
495 2938 526 2990 et
540 2928 710 3009 aliquando
733 2947 858 3010 quoque
874 2927 1049 3010 gentibbus
1070 2925 1287 2991 deferebatur.

204 3014 299 3078 *sane
322 3016 562 3096 consanguinei,
587 3034 661 3097 quos
676 3017 728 3078 lex
749 3034 812 3078 non
835 3015 1106 3097 apprehenderat,
1131 3014 1291 3095 interpre-

1059 3198 1290 3215 ἏΛΛΛΛΛΛΛΛΜΛΛΛ

276 3295 301 3353 8,
317 3293 399 3339 4-44
413 3310 445 3333 --
462 3289 568 3342 00440440
582 3291 653 3352 aaa
690 3248 695 3273 Ι
736 3314 739 3320 ·

204 3427 254 3440 ΜΛ

276 3534 290 3579 4
310 3528 492 3594 suppresserit
504 3540 529 3577 a.
544 3529 643 3591 resign.
658 3527 688 3587 L,
708 3540 757 3576 om.
773 3527 810 3586 M,
830 3526 862 3589 cf.
880 3529 904 3585 5,
919 3529 962 3586 45,
977 3529 986 3573 4
1038 3526 1050 3589 ΙΙ
1097 3527 1111 3572 t
1130 3523 1247 3575 subiecit
1258 3524 1288 3583 L,

204 3613 256 3650 om.
279 3599 308 3649 Μ
352 3598 364 3662 ΙΙ
410 3595 635 3646 44004004004440
653 3597 726 3657 dett,
746 3594 956 3658 faciendumque
975 3595 1010 3653 Μ,
1031 3593 1248 3656 faciendoqueh
1282 3590 1291 3658 ll

206 3666 553 3718 afideiuecommissorum
566 3666 602 3724 M,
616 3664 981 3728 fideiquecommissorumh
1009 3662 1021 3725 ΙΙ
1052 3666 1082 3711 44)
1101 3660 1204 3726 prolert
1216 3663 1289 3722 dett,

206 3736 329 3802 proferet
342 3736 371 3798 4,,
384 3733 508 3800 prolerre
521 3735 550 3784 Μ
586 3733 597 3797 ΙΙ
637 3738 667 3783 to
686 3735 777 3783 autem
791 3733 820 3792 4,,
835 3745 944 3797 quoque
957 3733 986 3783 Μ
1018 3731 1030 3794 ΙΙ
1066 3734 1096 3779 48
1115 3732 1291 3780 successione

134 3857 140 3869 ,
214 3806 358 3868 4440400444,
379 3801 601 3854 successionibus
616 3801 678 3853 0044.
699 3806 724 3852 04
742 3802 977 3864 4044400014009.
994 3803 1076 3860 48,3,
1095 3797 1292 3848 hereditatibus
1400 3811 1403 3816 ·

205 3874 382 3936 appreciet,
397 3878 422 3923 7.
440 3876 469 3921 44
512 3870 524 3935 ll
567 3875 598 3920 44
617 3871 655 3921 hii
672 3870 760 3932 00444),
780 3869 926 3921 hicCotl.W
943 3870 1022 3925 cour
1067 3866 1078 3931 u
1126 3870 1152 3915 44
1177 3868 1292 3917 cuiusue

203 3941 591 4006 sortasseccinstitutionisue
605 3944 805 4001 corruptumst
833 3939 844 4002 ΙΙ
875 3942 906 3987 44
926 3937 1045 3988 sinedel.
1076 3935 1087 4000 ΙΙ
1116 3934 1223 3986 abiecta
1236 3935 1292 3986 doli

208 4012 397 4077 expectatione
414 4010 501 4073 l-nem
516 4009 610 4066 couvi
626 4011 724 4059 codices
764 4008 775 4073 ΙΙ
817 4011 847 4056 43
867 4005 993 4070 quorum]
1010 4018 1106 4055 eorum
1119 4018 1235 4069 quorum
1248 4017 1293 4055 co·

206 4083 277 4131 dices
314 4079 326 4144 ΙΙ
365 4083 396 4128 44
415 4078 560 4143 gentilibus
573 4078 702 4137 Pithoeus,
719 4076 956 4140 gentihuscodices
995 4074 1007 4138 ΙΙ
1049 4077 1079 4124 48
1099 4074 1294 4138 consanguinei

205 4163 278 4213 quos
293 4149 424 4210 Guiccius,
439 4147 647 4212 consanguineis
659 4148 757 4196 codices

1049 4226 1087 4276 7*
