3010 4738
197 249 288 300 ’4444
303 249 384 310 nos
591 283 678 295 --
724 247 784 310 132
826 281 914 294 ...-

207 439 300 499 nium
322 435 555 518 perhibendum
576 438 629 500 uel
645 456 761 500 uerum
783 455 846 500 non
867 436 1103 518 perhibendum
1125 437 1292 517 pecuniam

212 525 369 604 acceperit
391 522 515 586 dederit
532 522 726 600 iudicemue,
751 535 786 587 nt
800 524 989 587 sententiam
1005 522 1084 586 ierat
1098 523 1152 585 uel
1166 541 1229 584 non
1245 522 1294 584 le*

213 619 271 689 rat,
290 608 464 691 corruperit
479 608 786 691 corrumpendumue
799 610 968 688 curnuerit,
989 609 1174 672 humiliores
1187 609 1292 689 capite

212 696 402 774 puniuntur,
430 694 632 759 honestiores·
647 695 815 776 publicatis
834 695 926 757 bonis
948 715 1021 759 eum
1043 696 1111 776 ipso
1133 694 1239 757 iudice
1259 696 1292 756 in

175 784 193 841 3
212 782 347 843 insulam
363 780 581 863 deportantur.
620 780 763 844 *Falsum
778 791 840 861 est,
859 781 1016 863 quidquid
1031 783 1064 842 in
1078 783 1213 843 ueritate
1228 799 1291 842 non
1310 793 1324 839 t

176 869 192 928 4
212 866 296 946 *est,
322 867 380 929 sed
394 887 452 949 pro
473 886 550 930 uero
571 866 810 931 adtenuatae*
853 866 968 947 ludex,
993 869 1049 948 qui
1065 877 1172 930 contra
1185 885 1292 928 sacras

211 954 388 1034 principum
411 955 648 1016 constitutiones
668 963 818 1016 contrane
836 956 886 1016 ius
899 952 1080 1035 publicum,
1106 952 1192 1033 quod
1206 951 1293 1034 apud

175 1040 193 1099 5
212 1041 428 1102 serenitatum
444 1050 501 1118 est,
519 1041 711 1120 pronuntiat,
731 1041 764 1101 in
779 1041 914 1102 insulam
930 1040 1124 1120 deportatur.
1164 1039 1224 1111 Qui
1240 1057 1292 1099 ra·

212 1126 314 1187 tiones
335 1134 403 1187 acta
429 1125 552 1188 libellos
573 1125 681 1188 album
708 1128 902 1208 propositum
927 1127 1110 1188 testationes
1131 1125 1292 1188 cautiones

212 1211 420 1293 chirographa
440 1212 591 1293 epistulas
612 1214 716 1274 sciens
738 1212 808 1274 dolo
830 1213 910 1274 malo
936 1214 969 1275 in
991 1210 1132 1275 fraudem
1157 1211 1291 1272 alicuius
1311 1223 1342 1268 to

156 1356 159 1379 ,
175 1354 178 1361 ,
205 1296 368 1377 Ι4424222444
381 1299 552 1361 mutauerit
563 1297 735 1360 subiecerit
746 1298 978 1380 subscripserit,
992 1299 1089 1379 quiue
1100 1316 1154 1359 aes
1166 1297 1293 1358 inaura-

211 1385 296 1444 uerit
311 1385 535 1469 argentonem,
554 1386 662 1465 quiue,
681 1404 752 1446 cum
768 1394 935 1465 argentum
950 1403 1061 1446 aurum
1077 1392 1221 1464 poneret,
1238 1401 1292 1443 aes

175 1471 193 1529 6
211 1468 588 1549 stannumuesubiecerit,
604 1469 672 1532 falsi
685 1489 784 1551 poena
797 1480 971 1535 coercetur.
989 1468 1208 1549 Amplissimos
1216 1467 1291 1529 ordo

212 1554 355 1616 decreuit
367 1574 420 1616 eas
432 1554 567 1633 tabulas
582 1575 662 1636 quae
674 1555 796 1636 publici
807 1557 859 1619 uel
870 1556 989 1636 priuati
1002 1564 1177 1618 contractus
1188 1555 1291 1635 scrip-

210 1652 314 1702 turam
329 1642 507 1719 continent,
526 1640 677 1704 adhibitis
692 1641 827 1704 testibus
849 1644 891 1703 ita
906 1643 1043 1723 signari,
1068 1642 1152 1703 utin
1169 1658 1289 1702 summa
1310 1651 1342 1698 to

212 1724 1292 1809 marginisadmediampartemperforataetriplicilinoconstringan-

209 1820 372 1893 tur'atque
387 1813 552 1894 impositae
566 1833 663 1895 supra
678 1813 779 1879 linum
794 1833 885 1877 cerae
901 1815 991 1894 sigua
1006 1814 1238 1895 imprimantur,
1256 1818 1292 1873 ut

156 1910 159 1914 ’
211 1899 361 1959 exteriori
374 1900 550 1980 scripturae
563 1900 656 1962 fidem
673 1902 806 1963 interior
820 1910 940 1962 seruet.
970 1901 1062 1962 aliter
1076 1897 1202 1960 tabulae
1216 1915 1291 1975 pro·

162 1986 194 2043 44Β
211 1984 292 2045 latae
307 1985 386 2045 nihil
403 1987 550 2048 momenti
565 1986 694 2050 habent.
732 1984 1002 2064 *Testamentum,
1020 1985 1104 2066 quod
1118 1985 1205 2046 nullo
1220 1985 1290 2045 iure

212 2068 333 2148 *uale't,
350 2073 483 2152 impune
500 2074 721 2154 supprimitur:
748 2074 829 2135 nihil
845 2080 894 2135 est
910 2072 1011 2151 enirn,
1031 2071 1116 2151 quod
1130 2091 1171 2133 ex
1185 2089 1222 2132 eo
1236 2080 1291 2131 aut
1309 2082 1342 2126 22

175 2157 192 2211 7
211 2155 363 2236 *petatur
376 2168 430 2220 aut
445 2161 617 2222 consistere
633 2159 773 2240 possit*
809 2160 869 2232 Qui
885 2159 953 2220 uiui
975 2167 1198 2220 testamentum
1213 2174 1291 2237 ape-

212 2243 313 2304 ruerit
328 2245 510 2307 reoitanerit
522 2246 744 2325 resignauerit,
763 2264 862 2326 poena
874 2246 952 2325 legis
965 2245 1128 2306 Corneliae
1143 2252 1288 2305 tenetur:

211 2338 243 2391 et
262 2329 524 2411 plerumque‘aut
545 2331 730 2394 humiliores
753 2333 785 2393 in
803 2331 963 2393 metallum
984 2331 1101 2392 dantur
1122 2338 1176 2391 ant
1191 2328 1291 2391 hone-

174 2416 321 2478 8stiores
336 2417 520 2478 invinsulam
536 2416 749 2498 deportantur.
780 2417 896 2498 Siquis
911 2416 1121 2478 instrumenta
1136 2416 1201 2476 litis
1215 2434 1290 2491 suae

211 2511 444 2582 aproouratore
460 2502 513 2564 uel
533 2504 693 2583 cognitore
709 2503 890 2566 aduersario
914 2502 1036 2583 prodita
1052 2522 1121 2564 esse
1142 2503 1291 2563 connire·
1310 2511 1342 2557 22

212 2589 270 2667 rit,
299 2597 363 2650 tam
389 2599 574 2668 procurator
596 2608 689 2669 quam
712 2591 862 2671 cognitor,
893 2591 920 2650 si
935 2590 1121 2651 humiliores
1140 2596 1230 2666 sunt,
1257 2587 1289 2646 in

212 2675 372 2736 metallum
393 2673 597 2755 damnantur,
622 2676 648 2736 si
664 2675 859 2738 honestiores
876 2685 965 2754 sunt,
981 2674 1135 2755 'adempta
1159 2672 1290 2734 dimidia
1306 2678 1311 2683 ’

109 2759 195 2840 9(l0]
210 2769 300 2839 parte
321 2758 474 2823 bonorum
497 2763 529 2823 in
549 2758 739 2843 perpetuum
754 2763 944 2842 relegantur.
990 2762 1050 2834 Qui
1069 2760 1155 2822 falsis
1170 2760 1291 2821 instru-

211 2847 326 2925 mentis
341 2849 419 2907 actis
441 2849 585 2927 epistulis
600 2848 762 2929 rescriptis
783 2850 887 2910 sciens
902 2846 972 2909 dolo
993 2848 1073 2908 malo
1087 2865 1165 2909 usus
1179 2846 1286 2924 luerit,
1318 2874 1320 2880 v

211 2948 311 3009 poena
332 2929 401 2992 lalsi
417 2943 594 2995 coercetur:
619 2934 757 3014 ideoque
771 2934 955 2995 humiliores
975 2934 1008 2993 in
1023 2933 1183 2994 metallum
1200 2931 1289 2993 dam-
1308 2940 1340 2986 44

112 3015 195 3099 lolii)
211 3023 344 3095 nantur,
375 3017 569 3081 honestiores
595 3020 628 3080 in
654 3020 789 3081 insulam
815 3019 1034 3098 deportantur.
1076 3020 1289 3082 Instrumenta

213 3170 259 3183 νυν
263 3170 508 3185 κΛΛΝυᾺΛΛΛΛΝκΛΛΛ
865 3170 1290 3187 νκΛΛκνκΛΜΛΛΛΜΝννἋΝᾺΑΚΝΨ

280 3241 321 3297 ss,
338 3240 350 3285 2
365 3259 396 3282 .-.
412 3238 519 3291 solutio
531 3244 585 3299 22
615 3240 627 3305 u
656 3245 698 3301 22,
714 3244 786 3289 o³=
800 3242 861 3306 bip.
876 3244 917 3302 42,
934 3245 974 3302 42,
991 3244 1062 3302 ano
1092 3241 1103 3304 ιι
1132 3244 1174 3300 22,
1191 3243 1215 3290 4.
1228 3243 1241 3287 2
1256 3258 1288 3306 ς

212 3308 271 3371 osy.
286 3310 328 3366 42,
344 3311 385 3366 42,
401 3312 443 3368 24,
460 3313 482 3358 4.
499 3314 512 3359 a
544 3308 554 3372 11
585 3313 626 3370 24,
642 3313 673 3358 44
687 3330 718 3353 =
733 3311 793 3373 neq.
808 3312 849 3370 te,
866 3314 907 3369 42,
922 3313 963 3372 eo,
979 3314 993 3359 2

216 3428 427 3441 tW¹.AWXNVXAMN*
637 3430 700 3443 ΛΙχΜ
1084 3427 1288 3441 tvvuvvvvvvxsmm

280 3517 290 3563 4
312 3514 357 3564 uel
369 3527 397 3563 u.
412 3527 439 3563 n.
453 3513 530 3578 perh.
545 3528 593 3564 om.
612 3515 674 3567 Coit.
705 3514 716 3576 11
747 3519 774 3564 44
796 3516 915 3566 22244244.
929 3529 987 3565 nnn
1000 3516 1222 3577 interpretatione,
1237 3528 1287 3564 om.

212 3583 260 3633 tlt
301 3582 312 3644 ΙΙ
355 3586 385 3631 te
404 3584 553 3646 signauerit
564 3586 662 3635 codices
707 3583 719 3647 ΙΙ
766 3588 797 3633 tc
816 3584 889 3649 tripl.
903 3585 958 3634 lino
972 3585 1007 3644 44,
1022 3583 1132 3648 cttripl.
1146 3579 1291 3648 nodohll

212 3655 242 3699 44
262 3653 403 3716 impositae
417 3651 571 3713 Sohnootne,
585 3654 742 3718 impositum
754 3655 851 3703 codices
879 3652 890 3716 ll
920 3655 951 3701 44
969 3654 1128 3703 exterioris.
1143 3652 1161 3702 4.
1176 3653 1290 3703 interior

212 3723 302 3771 seruet
313 3721 438 3783 4442244442,
453 3722 594 3772 exterioris
607 3735 629 3772 s.
643 3721 661 3773 4.
676 3723 790 3772 interior
802 3724 954 3773 reseruaret
966 3723 1002 3781 Μ,
1023 3723 1164 3772 exterioris
1176 3735 1198 3771 s.
1212 3719 1230 3770 f.
1245 3722 1289 3769 in·

211 3791 303 3841 teriori
316 3791 500 3840 seruaueritt
535 3789 546 3853 ΙΙ
585 3794 615 3840 42
635 3791 761 3854 legisom.
781 3791 835 3855 Dtp.
869 3791 880 3855 ΙΙ
909 3794 940 3840 tt
960 3791 1118 3841 humiliores
1130 3793 1177 3841 aut
1188 3791 1248 3853 Dtp.
1278 3785 1289 3854 ll

210 3858 445 3922 damnanturbtp.
486 3858 497 3922 ΙΙ
536 3861 566 3909 nt
586 3861 796 3909 instrumentum
808 3861 868 3924 Dia.
907 3859 919 3924 11
957 3860 1096 3923 libebit„
1110 3859 1232 3909 utilitatis
1245 3871 1289 3908 eo-

210 3929 279 3977 444222
297 3926 318 3989 ‘ll
347 3931 378 3976 444
398 3928 535 3991 proditum
548 3929 607 3993 Dtp.
639 3928 650 3991 ll
679 3932 712 3978 to
731 3932 795 3980 sunt
809 3967 814 3979 .
830 3965 836 3979 .
853 3928 1173 3992 Athonestioressunt]
1189 3929 1290 3978 adsint

213 3995 453 4046 ...honestiores
471 3999 568 4047 ducnnt
586 3998 645 4061 Dip.
694 3997 705 4061 ΙΙ
751 4001 782 4047 24
802 4001 878 4062 parte
896 3996 1032 4048 bonorum
1050 3998 1162 4047 dimidia
1182 3997 1242 4059 Dic.
1279 3991 1289 4061 ΙΙ

207 4068 244 4113 ut
262 4065 414 4124 netis-cett„
428 4069 547 4130 acceptis
559 4067 588 4125 L,
603 4079 652 4117 ont.
668 4067 697 4117 M

1447 4160 1451 4169 ,
