<?xml version="1.0" encoding="UTF-8"?>
<!DOCTYPE html PUBLIC "-//W3C//DTD XHTML 1.0 Transitional//EN"
    "http://www.w3.org/TR/xhtml1/DTD/xhtml1-transitional.dtd">
<html xmlns="http://www.w3.org/1999/xhtml" xml:lang="en" lang="en">
 <head>
  <title>
</title>
<meta http-equiv="Content-Type" content="text/html;charset=utf-8" />
  <meta name='ocr-system' content='tesseract 3.04.00' />
  <meta name='ocr-capabilities' content='ocr_page ocr_carea ocr_par ocr_line ocrx_word'/>
</head>
<body>
  <div class='ocr_page' id='page_1' title='image "./collectiolibror02paulgoog_0041.png"; bbox 0 0 3006 4736; ppageno 0'>
   <div class='ocr_carea' id='block_1_1' title="bbox 94 329 887 398">
    <p class='ocr_par' dir='ltr' id='par_1_1' title="bbox 94 329 887 398">
     <span class='ocr_line' id='line_1_1' title="bbox 94 329 887 398; baseline -0.008 -16"><span class='ocrx_word' id='word_1_1' title='bbox 94 386 97 393; x_wconf 60' lang='grc'>,</span> <span class='ocrx_word' id='word_1_2' title='bbox 199 334 363 398; x_wconf 64' lang='lat' dir='ltr'><strong>lelml</strong></span> <span class='ocrx_word' id='word_1_3' title='bbox 589 365 673 377; x_wconf 90' lang='lat'>.....</span> <span class='ocrx_word' id='word_1_4' title='bbox 718 329 757 392; x_wconf 76' lang='lat'><strong>28</strong></span> <span class='ocrx_word' id='word_1_5' title='bbox 801 363 887 376; x_wconf 90' lang='grc'><strong><em>.-..</em></strong></span> 
     </span>
    </p>
   </div>
   <div class='ocr_carea' id='block_1_2' title="bbox 143 518 1333 2837">
    <p class='ocr_par' dir='ltr' id='par_1_2' title="bbox 162 518 1278 686">
     <span class='ocr_line' id='line_1_2' title="bbox 162 518 1278 599; baseline -0.002 -16"><span class='ocrx_word' id='word_1_6' title='bbox 162 523 179 583; x_wconf 83' lang='lat' dir='ltr'><strong>l</strong></span> <span class='ocrx_word' id='word_1_7' title='bbox 284 523 420 584; x_wconf 75' lang='lat' dir='ltr'><strong>baritum</strong></span> <span class='ocrx_word' id='word_1_8' title='bbox 443 521 478 583; x_wconf 88' lang='lat' dir='ltr'><strong>fit</strong></span> <span class='ocrx_word' id='word_1_9' title='bbox 505 529 745 597; x_wconf 83' lang='lat' dir='ltr'><strong>testamentum,</strong></span> <span class='ocrx_word' id='word_1_10' title='bbox 770 521 797 580; x_wconf 93' lang='lat' dir='ltr'><strong>si</strong></span> <span class='ocrx_word' id='word_1_11' title='bbox 818 527 947 581; x_wconf 84' lang='lat' dir='ltr'><strong>testator</strong></span> <span class='ocrx_word' id='word_1_12' title='bbox 972 519 1073 599; x_wconf 91' lang='lat' dir='ltr'><strong>capite</strong></span> <span class='ocrx_word' id='word_1_13' title='bbox 1097 518 1278 584; x_wconf 75' lang='lat' dir='ltr'><strong>deminutus</strong></span> 
     </span>
     <span class='ocr_line' id='line_1_3' title="bbox 200 605 1189 686; baseline 0 -19"><span class='ocrx_word' id='word_1_14' title='bbox 200 606 306 686; x_wconf 83' lang='lat' dir='ltr'><strong>luerit,</strong></span> <span class='ocrx_word' id='word_1_15' title='bbox 325 617 380 670; x_wconf 86' lang='lat' dir='ltr'><strong>aut</strong></span> <span class='ocrx_word' id='word_1_16' title='bbox 394 609 421 668; x_wconf 88' lang='lat' dir='ltr'><strong>si</strong></span> <span class='ocrx_word' id='word_1_17' title='bbox 438 609 507 668; x_wconf 92' lang='lat' dir='ltr'><strong>iure</strong></span> <span class='ocrx_word' id='word_1_18' title='bbox 523 606 602 667; x_wconf 89' lang='lat' dir='ltr'><strong>lacto</strong></span> <span class='ocrx_word' id='word_1_19' title='bbox 617 615 805 668; x_wconf 87' lang='lat' dir='ltr'><strong>testamento</strong></span> <span class='ocrx_word' id='word_1_20' title='bbox 819 623 913 667; x_wconf 91' lang='lat' dir='ltr'><strong>nemo</strong></span> <span class='ocrx_word' id='word_1_21' title='bbox 929 606 1070 666; x_wconf 82' lang='lat' dir='ltr'><strong>extiterit</strong></span> <span class='ocrx_word' id='word_1_22' title='bbox 1085 605 1189 668; x_wconf 87' lang='lat' dir='ltr'><strong>heres.</strong></span> 
     </span>
    </p>

    <p class='ocr_par' dir='ltr' id='par_1_3' title="bbox 162 690 1313 1029">
     <span class='ocr_line' id='line_1_4' title="bbox 162 690 1279 773; baseline 0.002 -21"><span class='ocrx_word' id='word_1_23' title='bbox 162 693 180 752; x_wconf 81' lang='grc' dir='ltr'><strong>ὅ</strong></span> <span class='ocrx_word' id='word_1_24' title='bbox 285 695 318 755; x_wconf 86' lang='lat' dir='ltr'><strong>si</strong></span> <span class='ocrx_word' id='word_1_25' title='bbox 335 695 362 755; x_wconf 91' lang='lat' dir='ltr'><strong>is</strong></span> <span class='ocrx_word' id='word_1_26' title='bbox 377 694 432 773; x_wconf 92' lang='lat' dir='ltr'><strong>qui</strong></span> <span class='ocrx_word' id='word_1_27' title='bbox 447 702 671 754; x_wconf 87' lang='lat' dir='ltr'><strong>testamentum</strong></span> <span class='ocrx_word' id='word_1_28' title='bbox 684 692 757 753; x_wconf 90' lang='lat' dir='ltr'><strong>lecit</strong></span> <span class='ocrx_word' id='word_1_29' title='bbox 772 690 813 753; x_wconf 92' lang='lat' dir='ltr'><strong>ab</strong></span> <span class='ocrx_word' id='word_1_30' title='bbox 829 690 972 754; x_wconf 80' lang='lat' dir='ltr'><strong>hostibus</strong></span> <span class='ocrx_word' id='word_1_31' title='bbox 986 701 1096 772; x_wconf 84' lang='lat' dir='ltr'><strong>captus</strong></span> <span class='ocrx_word' id='word_1_32' title='bbox 1112 695 1162 770; x_wconf 83' lang='lat' dir='ltr'><strong>sit,</strong></span> <span class='ocrx_word' id='word_1_33' title='bbox 1181 702 1279 755; x_wconf 88' lang='lat' dir='ltr'><strong>testa-</strong></span> 
     </span>
     <span class='ocr_line' id='line_1_5' title="bbox 200 776 1276 858; baseline -0.001 -17"><span class='ocrx_word' id='word_1_34' title='bbox 200 789 341 841; x_wconf 90' lang='lat' dir='ltr'><strong>mentum</strong></span> <span class='ocrx_word' id='word_1_35' title='bbox 353 781 421 841; x_wconf 91' lang='lat' dir='ltr'><strong>eius</strong></span> <span class='ocrx_word' id='word_1_36' title='bbox 432 779 526 856; x_wconf 86' lang='lat' dir='ltr'><strong>ualet,</strong></span> <span class='ocrx_word' id='word_1_37' title='bbox 538 781 564 840; x_wconf 92' lang='lat' dir='ltr'><strong>si</strong></span> <span class='ocrx_word' id='word_1_38' title='bbox 578 778 708 858; x_wconf 90' lang='lat' dir='ltr'><strong>quidem</strong></span> <span class='ocrx_word' id='word_1_39' title='bbox 719 797 870 840; x_wconf 82' lang='lat' dir='ltr'><strong>reuersus</strong></span> <span class='ocrx_word' id='word_1_40' title='bbox 881 776 988 856; x_wconf 85' lang='lat' dir='ltr'><strong>luerit,</strong></span> <span class='ocrx_word' id='word_1_41' title='bbox 999 779 1068 839; x_wconf 87' lang='lat' dir='ltr'><strong>iure</strong></span> <span class='ocrx_word' id='word_1_42' title='bbox 1080 779 1276 858; x_wconf 90' lang='lat' dir='ltr'><strong>postliminii,</strong></span> 
     </span>
     <span class='ocr_line' id='line_1_6' title="bbox 200 863 1313 946; baseline -0.004 -19"><span class='ocrx_word' id='word_1_43' title='bbox 200 869 227 927; x_wconf 88' lang='lat' dir='ltr'><strong>si</strong></span> <span class='ocrx_word' id='word_1_44' title='bbox 243 884 319 927; x_wconf 89' lang='lat' dir='ltr'><strong>uero</strong></span> <span class='ocrx_word' id='word_1_45' title='bbox 334 864 379 926; x_wconf 92' lang='lat' dir='ltr'><strong>ibi</strong></span> <span class='ocrx_word' id='word_1_46' title='bbox 395 864 577 944; x_wconf 83' lang='lat' dir='ltr'><strong>decesserit,</strong></span> <span class='ocrx_word' id='word_1_47' title='bbox 597 865 722 944; x_wconf 81' lang='lat' dir='ltr'><strong>exlege</strong></span> <span class='ocrx_word' id='word_1_48' title='bbox 738 864 892 942; x_wconf 85' lang='lat' dir='ltr'><strong>Cornelia,</strong></span> <span class='ocrx_word' id='word_1_49' title='bbox 911 882 988 946; x_wconf 79' lang='lat' dir='ltr'><strong>quoe</strong></span> <span class='ocrx_word' id='word_1_50' title='bbox 1002 863 1136 944; x_wconf 79' lang='lat' dir='ltr'>perinde</span> <span class='ocrx_word' id='word_1_51' title='bbox 1151 884 1279 927; x_wconf 90' lang='lat' dir='ltr'><strong>succes·</strong></span> <span class='ocrx_word' id='word_1_52' title='bbox 1299 879 1313 923; x_wconf 84' lang='lat'>5</span> 
     </span>
     <span class='ocr_line' id='line_1_7' title="bbox 203 949 1161 1029; baseline -0.001 -16"><span class='ocrx_word' id='word_1_53' title='bbox 203 953 324 1014; x_wconf 87' lang='lat' dir='ltr'><strong>sionem</strong></span> <span class='ocrx_word' id='word_1_54' title='bbox 339 952 408 1013; x_wconf 91' lang='lat' dir='ltr'><strong>eius</strong></span> <span class='ocrx_word' id='word_1_55' title='bbox 423 951 597 1029; x_wconf 86' lang='lat' dir='ltr'><strong>confirmat,</strong></span> <span class='ocrx_word' id='word_1_56' title='bbox 614 960 710 1029; x_wconf 90' lang='lat' dir='ltr'><strong>atque</strong></span> <span class='ocrx_word' id='word_1_57' title='bbox 726 951 753 1011; x_wconf 92' lang='lat' dir='ltr'><strong>si</strong></span> <span class='ocrx_word' id='word_1_58' title='bbox 770 953 801 1011; x_wconf 94' lang='lat' dir='ltr'><strong>in</strong></span> <span class='ocrx_word' id='word_1_59' title='bbox 818 952 946 1011; x_wconf 89' lang='lat' dir='ltr'><strong>ciuitate</strong></span> <span class='ocrx_word' id='word_1_60' title='bbox 962 949 1161 1013; x_wconf 90' lang='lat' dir='ltr'><strong>decessisset.</strong></span> 
     </span>
    </p>

    <p class='ocr_par' dir='ltr' id='par_1_4' title="bbox 163 1037 1330 1543">
     <span class='ocr_line' id='line_1_8' title="bbox 163 1037 1279 1117; baseline 0.002 -20"><span class='ocrx_word' id='word_1_61' title='bbox 163 1038 182 1097; x_wconf 85' lang='grc'><strong>6</strong></span> <span class='ocrx_word' id='word_1_62' title='bbox 285 1037 320 1098; x_wconf 90' lang='lat' dir='ltr'><strong>Si</strong></span> <span class='ocrx_word' id='word_1_63' title='bbox 334 1046 457 1117; x_wconf 91' lang='lat' dir='ltr'><strong>septem</strong></span> <span class='ocrx_word' id='word_1_64' title='bbox 468 1039 568 1116; x_wconf 78' lang='lat' dir='ltr'><strong>signis</strong></span> <span class='ocrx_word' id='word_1_65' title='bbox 581 1037 711 1098; x_wconf 87' lang='lat' dir='ltr'><strong>testium</strong></span> <span class='ocrx_word' id='word_1_66' title='bbox 726 1038 884 1117; x_wconf 81' lang='lat' dir='ltr'><strong>signatum</strong></span> <span class='ocrx_word' id='word_1_67' title='bbox 899 1037 941 1097; x_wconf 91' lang='lat' dir='ltr'><strong>sit</strong></span> <span class='ocrx_word' id='word_1_68' title='bbox 955 1046 1187 1115; x_wconf 88' lang='lat' dir='ltr'><strong>testamentum,</strong></span> <span class='ocrx_word' id='word_1_69' title='bbox 1207 1037 1279 1099; x_wconf 88' lang='lat' dir='ltr'><strong>licet</strong></span> 
     </span>
     <span class='ocr_line' id='line_1_9' title="bbox 200 1122 1281 1203; baseline 0.002 -21"><span class='ocrx_word' id='word_1_70' title='bbox 200 1124 270 1185; x_wconf 89' lang='lat' dir='ltr'><strong>iure</strong></span> <span class='ocrx_word' id='word_1_71' title='bbox 297 1123 384 1185; x_wconf 91' lang='lat' dir='ltr'><strong>ciuili</strong></span> <span class='ocrx_word' id='word_1_72' title='bbox 405 1133 533 1202; x_wconf 90' lang='lat' dir='ltr'><strong>ruptum</strong></span> <span class='ocrx_word' id='word_1_73' title='bbox 556 1122 609 1182; x_wconf 91' lang='lat' dir='ltr'><strong>uel</strong></span> <span class='ocrx_word' id='word_1_74' title='bbox 632 1123 762 1183; x_wconf 90' lang='lat' dir='ltr'><strong>inritum</strong></span> <span class='ocrx_word' id='word_1_75' title='bbox 785 1122 900 1184; x_wconf 90' lang='lat' dir='ltr'><strong>lactum</strong></span> <span class='ocrx_word' id='word_1_76' title='bbox 926 1123 984 1200; x_wconf 81' lang='lat' dir='ltr'><strong>sit,</strong></span> <span class='ocrx_word' id='word_1_77' title='bbox 1008 1131 1135 1202; x_wconf 87' lang='lat' dir='ltr'><strong>praetor</strong></span> <span class='ocrx_word' id='word_1_78' title='bbox 1156 1124 1281 1203; x_wconf 86' lang='lat' dir='ltr'><strong>scriptis</strong></span> 
     </span>
     <span class='ocr_line' id='line_1_10' title="bbox 200 1205 1281 1289; baseline 0 -19"><span class='ocrx_word' id='word_1_79' title='bbox 200 1206 373 1271; x_wconf 90' lang='lat' dir='ltr'><strong>heredibus</strong></span> <span class='ocrx_word' id='word_1_80' title='bbox 388 1210 476 1270; x_wconf 77' lang='lat' dir='ltr'><strong>iuxta</strong></span> <span class='ocrx_word' id='word_1_81' title='bbox 498 1207 622 1269; x_wconf 87' lang='lat' dir='ltr'><strong>tabulas</strong></span> <span class='ocrx_word' id='word_1_82' title='bbox 637 1205 792 1269; x_wconf 91' lang='lat' dir='ltr'><strong>bonorum</strong></span> <span class='ocrx_word' id='word_1_83' title='bbox 808 1208 1036 1289; x_wconf 84' lang='lat' dir='ltr'><strong>possessionem</strong></span> <span class='ocrx_word' id='word_1_84' title='bbox 1051 1207 1122 1282; x_wconf 89' lang='lat' dir='ltr'><strong>dat,</strong></span> <span class='ocrx_word' id='word_1_85' title='bbox 1141 1210 1168 1270; x_wconf 89' lang='lat' dir='ltr'><strong>si</strong></span> <span class='ocrx_word' id='word_1_86' title='bbox 1184 1217 1281 1270; x_wconf 89' lang='lat' dir='ltr'><strong>testa-</strong></span> 
     </span>
     <span class='ocr_line' id='line_1_11' title="bbox 199 1293 1330 1374; baseline -0.004 -18"><span class='ocrx_word' id='word_1_87' title='bbox 199 1306 247 1357; x_wconf 92' lang='lat' dir='ltr'><strong>tor</strong></span> <span class='ocrx_word' id='word_1_88' title='bbox 268 1306 299 1357; x_wconf 88' lang='lat' dir='ltr'><strong>et</strong></span> <span class='ocrx_word' id='word_1_89' title='bbox 319 1295 399 1356; x_wconf 88' lang='lat' dir='ltr'><strong>ciuis</strong></span> <span class='ocrx_word' id='word_1_90' title='bbox 414 1296 571 1356; x_wconf 87' lang='lat' dir='ltr'><strong>Romanus</strong></span> <span class='ocrx_word' id='word_1_91' title='bbox 587 1303 619 1355; x_wconf 86' lang='lat' dir='ltr'><strong>et</strong></span> <span class='ocrx_word' id='word_1_92' title='bbox 641 1313 716 1356; x_wconf 90' lang='lat' dir='ltr'><strong>suae</strong></span> <span class='ocrx_word' id='word_1_93' title='bbox 738 1295 902 1374; x_wconf 86' lang='lat' dir='ltr'><strong>potestatis</strong></span> <span class='ocrx_word' id='word_1_94' title='bbox 917 1313 989 1356; x_wconf 91' lang='lat' dir='ltr'><strong>cum</strong></span> <span class='ocrx_word' id='word_1_95' title='bbox 1008 1304 1186 1356; x_wconf 90' lang='lat' dir='ltr'><strong>moreretur</strong></span> <span class='ocrx_word' id='word_1_96' title='bbox 1201 1293 1276 1356; x_wconf 88' lang='lat' dir='ltr'><strong>luit:</strong></span> <span class='ocrx_word' id='word_1_97' title='bbox 1300 1309 1330 1352; x_wconf 83' lang='grc'><strong>44</strong></span> 
     </span>
     <span class='ocr_line' id='line_1_12' title="bbox 200 1378 1281 1462; baseline -0.001 -19"><span class='ocrx_word' id='word_1_98' title='bbox 200 1399 295 1462; x_wconf 89' lang='lat' dir='ltr'><strong>quam</strong></span> <span class='ocrx_word' id='word_1_99' title='bbox 317 1380 470 1441; x_wconf 83' lang='lat' dir='ltr'><strong>bonorum</strong></span> <span class='ocrx_word' id='word_1_100' title='bbox 491 1380 723 1458; x_wconf 90' lang='lat' dir='ltr'><strong>possessionem</strong></span> <span class='ocrx_word' id='word_1_101' title='bbox 737 1399 808 1442; x_wconf 92' lang='lat' dir='ltr'><strong>cum</strong></span> <span class='ocrx_word' id='word_1_102' title='bbox 824 1399 869 1456; x_wconf 92' lang='lat' dir='ltr'><strong>re,</strong></span> <span class='ocrx_word' id='word_1_103' title='bbox 888 1378 922 1441; x_wconf 94' lang='lat' dir='ltr'><strong>id</strong></span> <span class='ocrx_word' id='word_1_104' title='bbox 937 1389 985 1440; x_wconf 89' lang='lat' dir='ltr'><strong>est</strong></span> <span class='ocrx_word' id='word_1_105' title='bbox 1000 1400 1071 1443; x_wconf 91' lang='lat' dir='ltr'><strong>cum</strong></span> <span class='ocrx_word' id='word_1_106' title='bbox 1092 1382 1207 1442; x_wconf 85' lang='lat' dir='ltr'><strong>effectu</strong></span> <span class='ocrx_word' id='word_1_107' title='bbox 1223 1382 1281 1442; x_wconf 92' lang='lat' dir='ltr'><strong>ha-</strong></span> 
     </span>
     <span class='ocr_line' id='line_1_13' title="bbox 200 1466 795 1543; baseline -0.003 -15"><span class='ocrx_word' id='word_1_108' title='bbox 200 1467 284 1543; x_wconf 78' lang='lat' dir='ltr'><strong>bent,</strong></span> <span class='ocrx_word' id='word_1_109' title='bbox 304 1468 332 1527; x_wconf 92' lang='lat' dir='ltr'><strong>si</strong></span> <span class='ocrx_word' id='word_1_110' title='bbox 346 1486 438 1527; x_wconf 91' lang='lat' dir='ltr'><strong>nemo</strong></span> <span class='ocrx_word' id='word_1_111' title='bbox 452 1467 534 1529; x_wconf 94' lang='lat' dir='ltr'><strong>alius</strong></span> <span class='ocrx_word' id='word_1_112' title='bbox 549 1468 619 1528; x_wconf 89' lang='lat' dir='ltr'><strong>iure</strong></span> <span class='ocrx_word' id='word_1_113' title='bbox 634 1466 730 1527; x_wconf 89' lang='lat' dir='ltr'><strong>heres</strong></span> <span class='ocrx_word' id='word_1_114' title='bbox 744 1467 795 1527; x_wconf 87' lang='lat' dir='ltr'><strong>sit.</strong></span> 
     </span>
    </p>

    <p class='ocr_par' dir='ltr' id='par_1_5' title="bbox 162 1551 1331 1977">
     <span class='ocr_line' id='line_1_14' title="bbox 162 1551 1280 1633; baseline -0.001 -19"><span class='ocrx_word' id='word_1_115' title='bbox 162 1554 180 1614; x_wconf 80' lang='lat'><strong>7</strong></span> <span class='ocrx_word' id='word_1_116' title='bbox 287 1551 408 1613; x_wconf 86' lang='lat' dir='ltr'><strong>Liberis</strong></span> <span class='ocrx_word' id='word_1_117' title='bbox 430 1551 651 1633; x_wconf 81' lang='lat' dir='ltr'><strong>impuberibus</strong></span> <span class='ocrx_word' id='word_1_118' title='bbox 667 1553 700 1613; x_wconf 91' lang='lat' dir='ltr'><strong>iu</strong></span> <span class='ocrx_word' id='word_1_119' title='bbox 721 1561 875 1632; x_wconf 79' lang='lat' dir='ltr'><strong>potestate</strong></span> <span class='ocrx_word' id='word_1_120' title='bbox 897 1551 1098 1614; x_wconf 90' lang='lat' dir='ltr'><strong>manentibus</strong></span> <span class='ocrx_word' id='word_1_121' title='bbox 1119 1563 1183 1613; x_wconf 92' lang='lat' dir='ltr'><strong>tam</strong></span> <span class='ocrx_word' id='word_1_122' title='bbox 1198 1554 1280 1614; x_wconf 87' lang='lat' dir='ltr'><strong>natis</strong></span> 
     </span>
     <span class='ocr_line' id='line_1_15' title="bbox 200 1636 1279 1719; baseline -0.003 -19"><span class='ocrx_word' id='word_1_123' title='bbox 200 1657 294 1719; x_wconf 86' lang='lat' dir='ltr'><strong>quam</strong></span> <span class='ocrx_word' id='word_1_124' title='bbox 310 1638 464 1719; x_wconf 88' lang='lat' dir='ltr'><strong>postumis</strong></span> <span class='ocrx_word' id='word_1_125' title='bbox 485 1637 622 1700; x_wconf 84' lang='lat' dir='ltr'><strong>heredes</strong></span> <span class='ocrx_word' id='word_1_126' title='bbox 637 1636 830 1699; x_wconf 81' lang='lat' dir='ltr'><strong>substituere</strong></span> <span class='ocrx_word' id='word_1_127' title='bbox 845 1647 994 1718; x_wconf 89' lang='lat' dir='ltr'><strong>parentes</strong></span> <span class='ocrx_word' id='word_1_128' title='bbox 1014 1647 1146 1718; x_wconf 90' lang='lat' dir='ltr'><strong>possunt</strong></span> <span class='ocrx_word' id='word_1_129' title='bbox 1161 1638 1279 1718; x_wconf 87' lang='lat' dir='ltr'><strong>duplici</strong></span> 
     </span>
     <span class='ocr_line' id='line_1_16' title="bbox 200 1723 1331 1805; baseline -0.003 -20"><span class='ocrx_word' id='word_1_130' title='bbox 200 1723 306 1785; x_wconf 87' lang='lat' dir='ltr'><strong>modo:</strong></span> <span class='ocrx_word' id='word_1_131' title='bbox 334 1723 367 1785; x_wconf 94' lang='lat' dir='ltr'><strong>id</strong></span> <span class='ocrx_word' id='word_1_132' title='bbox 382 1733 430 1785; x_wconf 89' lang='lat' dir='ltr'><strong>est</strong></span> <span class='ocrx_word' id='word_1_133' title='bbox 445 1733 499 1786; x_wconf 86' lang='lat' dir='ltr'><strong>aut</strong></span> <span class='ocrx_word' id='word_1_134' title='bbox 513 1744 567 1802; x_wconf 90' lang='lat' dir='ltr'><strong>eo,</strong></span> <span class='ocrx_word' id='word_1_135' title='bbox 587 1743 644 1805; x_wconf 79' lang='lat' dir='ltr'><strong>quo</strong></span> <span class='ocrx_word' id='word_1_136' title='bbox 660 1725 838 1801; x_wconf 84' lang='lat' dir='ltr'><strong>extraneis,</strong></span> <span class='ocrx_word' id='word_1_137' title='bbox 856 1733 907 1802; x_wconf 88' lang='lat' dir='ltr'><strong>ut,</strong></span> <span class='ocrx_word' id='word_1_138' title='bbox 926 1726 953 1785; x_wconf 92' lang='lat' dir='ltr'><strong>si</strong></span> <span class='ocrx_word' id='word_1_139' title='bbox 969 1723 1105 1786; x_wconf 89' lang='lat' dir='ltr'><strong>heredes</strong></span> <span class='ocrx_word' id='word_1_140' title='bbox 1119 1743 1183 1785; x_wconf 92' lang='lat' dir='ltr'><strong>non</strong></span> <span class='ocrx_word' id='word_1_141' title='bbox 1199 1725 1281 1785; x_wconf 81' lang='lat' dir='ltr'><strong>exti-</strong></span> <span class='ocrx_word' id='word_1_142' title='bbox 1300 1738 1331 1783; x_wconf 86' lang='grc'><strong>44</strong></span> 
     </span>
     <span class='ocr_line' id='line_1_17' title="bbox 200 1809 1280 1890; baseline -0.001 -19"><span class='ocrx_word' id='word_1_143' title='bbox 200 1812 298 1871; x_wconf 86' lang='lat' dir='ltr'><strong>terint</strong></span> <span class='ocrx_word' id='word_1_144' title='bbox 320 1809 431 1887; x_wconf 85' lang='lat' dir='ltr'><strong>liberi,</strong></span> <span class='ocrx_word' id='word_1_145' title='bbox 451 1809 641 1873; x_wconf 86' lang='lat' dir='ltr'><strong>substitutus</strong></span> <span class='ocrx_word' id='word_1_146' title='bbox 663 1811 756 1871; x_wconf 90' lang='lat' dir='ltr'><strong>heres</strong></span> <span class='ocrx_word' id='word_1_147' title='bbox 771 1810 839 1887; x_wconf 90' lang='lat' dir='ltr'><strong>fiat,</strong></span> <span class='ocrx_word' id='word_1_148' title='bbox 867 1819 921 1872; x_wconf 89' lang='lat' dir='ltr'><strong>aut</strong></span> <span class='ocrx_word' id='word_1_149' title='bbox 937 1812 1064 1890; x_wconf 89' lang='lat' dir='ltr'><strong>proprio</strong></span> <span class='ocrx_word' id='word_1_150' title='bbox 1080 1812 1166 1890; x_wconf 86' lang='lat' dir='ltr'><strong>iure,</strong></span> <span class='ocrx_word' id='word_1_151' title='bbox 1184 1818 1235 1890; x_wconf 81' lang='lat' dir='ltr'><strong>ut,</strong></span> <span class='ocrx_word' id='word_1_152' title='bbox 1254 1810 1280 1872; x_wconf 92' lang='lat' dir='ltr'><strong>si</strong></span> 
     </span>
     <span class='ocr_line' id='line_1_18' title="bbox 200 1895 1282 1977; baseline 0.001 -21"><span class='ocrx_word' id='word_1_153' title='bbox 200 1907 270 1976; x_wconf 92' lang='lat' dir='ltr'><strong>post</strong></span> <span class='ocrx_word' id='word_1_154' title='bbox 291 1906 423 1957; x_wconf 90' lang='lat' dir='ltr'><strong>mortem</strong></span> <span class='ocrx_word' id='word_1_155' title='bbox 443 1898 585 1976; x_wconf 86' lang='lat' dir='ltr'><strong>parentis</strong></span> <span class='ocrx_word' id='word_1_156' title='bbox 600 1895 737 1958; x_wconf 91' lang='lat' dir='ltr'><strong>heredes</strong></span> <span class='ocrx_word' id='word_1_157' title='bbox 758 1895 832 1957; x_wconf 88' lang='lat' dir='ltr'><strong>lacti</strong></span> <span class='ocrx_word' id='word_1_158' title='bbox 854 1898 938 1957; x_wconf 89' lang='lat' dir='ltr'><strong>intra</strong></span> <span class='ocrx_word' id='word_1_159' title='bbox 952 1895 1150 1977; x_wconf 80' lang='lat' dir='ltr'><strong>pubertatem</strong></span> <span class='ocrx_word' id='word_1_160' title='bbox 1170 1895 1282 1958; x_wconf 87' lang='lat' dir='ltr'><strong>deces-</strong></span> 
     </span>
    </p>

    <p class='ocr_par' dir='ltr' id='par_1_6' title="bbox 163 1981 1282 2059">
     <span class='ocr_line' id='line_1_19' title="bbox 163 1981 1282 2059; baseline 0 -17"><span class='ocrx_word' id='word_1_161' title='bbox 163 1984 181 2042; x_wconf 92' lang='lat'>8</span> <span class='ocrx_word' id='word_1_162' title='bbox 199 1982 317 2059; x_wconf 85' lang='lat' dir='ltr'><strong>serint,</strong></span> <span class='ocrx_word' id='word_1_163' title='bbox 345 1981 535 2045; x_wconf 89' lang='lat' dir='ltr'><strong>substitutus</strong></span> <span class='ocrx_word' id='word_1_164' title='bbox 556 1983 650 2044; x_wconf 89' lang='lat' dir='ltr'><strong>heres</strong></span> <span class='ocrx_word' id='word_1_165' title='bbox 666 1982 729 2043; x_wconf 89' lang='lat' dir='ltr'><strong>liat.</strong></span> <span class='ocrx_word' id='word_1_166' title='bbox 760 1982 862 2043; x_wconf 87' lang='lat' dir='ltr'><strong>Etiam</strong></span> <span class='ocrx_word' id='word_1_167' title='bbox 883 1982 1087 2045; x_wconf 83' lang='lat' dir='ltr'><strong>exheredatis</strong></span> <span class='ocrx_word' id='word_1_168' title='bbox 1109 1982 1183 2043; x_wconf 88' lang='lat' dir='ltr'><strong>filiis</strong></span> <span class='ocrx_word' id='word_1_169' title='bbox 1203 1981 1282 2044; x_wconf 85' lang='lat' dir='ltr'><strong>sub-</strong></span> 
     </span>
    </p>

    <p class='ocr_par' dir='ltr' id='par_1_7' title="bbox 163 2066 1331 2320">
     <span class='ocr_line' id='line_1_20' title="bbox 163 2066 1282 2149; baseline -0.001 -19"><span class='ocrx_word' id='word_1_170' title='bbox 163 2068 333 2130; x_wconf 80' lang='lat' dir='ltr'><strong>9stituere</strong></span> <span class='ocrx_word' id='word_1_171' title='bbox 353 2068 539 2147; x_wconf 89' lang='lat' dir='ltr'><strong>parentibus</strong></span> <span class='ocrx_word' id='word_1_172' title='bbox 561 2069 645 2130; x_wconf 89' lang='lat' dir='ltr'><strong>licet.</strong></span> <span class='ocrx_word' id='word_1_173' title='bbox 685 2069 752 2128; x_wconf 93' lang='lat' dir='ltr'><strong>Non</strong></span> <span class='ocrx_word' id='word_1_174' title='bbox 775 2068 868 2129; x_wconf 86' lang='lat' dir='ltr'><strong>aliter</strong></span> <span class='ocrx_word' id='word_1_175' title='bbox 890 2067 1050 2149; x_wconf 91' lang='lat' dir='ltr'><strong>impuberi</strong></span> <span class='ocrx_word' id='word_1_176' title='bbox 1076 2067 1139 2129; x_wconf 88' lang='lat' dir='ltr'><strong>filio</strong></span> <span class='ocrx_word' id='word_1_177' title='bbox 1161 2066 1282 2130; x_wconf 88' lang='lat' dir='ltr'><strong>substi-</strong></span> 
     </span>
     <span class='ocr_line' id='line_1_21' title="bbox 201 2153 1331 2235; baseline -0.002 -21"><span class='ocrx_word' id='word_1_178' title='bbox 201 2163 292 2215; x_wconf 91' lang='lat' dir='ltr'><strong>tuere</strong></span> <span class='ocrx_word' id='word_1_179' title='bbox 314 2156 387 2233; x_wconf 89' lang='lat' dir='ltr'><strong>quis</strong></span> <span class='ocrx_word' id='word_1_180' title='bbox 402 2153 551 2216; x_wconf 85' lang='lat' dir='ltr'><strong>heredem</strong></span> <span class='ocrx_word' id='word_1_181' title='bbox 567 2164 685 2235; x_wconf 86' lang='lat' dir='ltr'><strong>potest,</strong></span> <span class='ocrx_word' id='word_1_182' title='bbox 705 2172 800 2233; x_wconf 92' lang='lat' dir='ltr'><strong>quam</strong></span> <span class='ocrx_word' id='word_1_183' title='bbox 816 2155 842 2215; x_wconf 89' lang='lat' dir='ltr'><strong>si</strong></span> <span class='ocrx_word' id='word_1_184' title='bbox 858 2154 921 2217; x_wconf 91' lang='lat' dir='ltr'><strong>sibi</strong></span> <span class='ocrx_word' id='word_1_185' title='bbox 936 2156 1008 2233; x_wconf 92' lang='lat' dir='ltr'><strong>quis</strong></span> <span class='ocrx_word' id='word_1_186' title='bbox 1023 2153 1173 2216; x_wconf 89' lang='lat' dir='ltr'><strong>heredem</strong></span> <span class='ocrx_word' id='word_1_187' title='bbox 1189 2155 1282 2216; x_wconf 88' lang='lat' dir='ltr'><strong>insti·</strong></span> <span class='ocrx_word' id='word_1_188' title='bbox 1300 2168 1331 2212; x_wconf 73' lang='lat' dir='ltr'><strong>eo</strong></span> 
     </span>
     <span class='ocr_line' id='line_1_22' title="bbox 200 2239 981 2320; baseline 0.001 -20"><span class='ocrx_word' id='word_1_189' title='bbox 200 2242 298 2302; x_wconf 89' lang='lat' dir='ltr'><strong>tuerit</strong></span> <span class='ocrx_word' id='word_1_190' title='bbox 313 2241 366 2303; x_wconf 88' lang='lat' dir='ltr'><strong>uel</strong></span> <span class='ocrx_word' id='word_1_191' title='bbox 381 2241 485 2320; x_wconf 91' lang='lat' dir='ltr'><strong>ipsum</strong></span> <span class='ocrx_word' id='word_1_192' title='bbox 501 2241 601 2303; x_wconf 91' lang='lat' dir='ltr'><strong>filium</strong></span> <span class='ocrx_word' id='word_1_193' title='bbox 616 2242 668 2303; x_wconf 91' lang='lat' dir='ltr'><strong>uel</strong></span> <span class='ocrx_word' id='word_1_194' title='bbox 683 2239 859 2320; x_wconf 87' lang='lat' dir='ltr'><strong>quemlibet</strong></span> <span class='ocrx_word' id='word_1_195' title='bbox 873 2241 981 2302; x_wconf 90' lang='lat' dir='ltr'><strong>alium.</strong></span> 
     </span>
    </p>

    <p class='ocr_par' dir='ltr' id='par_1_8' title="bbox 143 2325 1282 2493">
     <span class='ocr_line' id='line_1_23' title="bbox 143 2325 1282 2407; baseline 0.001 -21"><span class='ocrx_word' id='word_1_196' title='bbox 143 2327 181 2386; x_wconf 89' lang='lat' dir='ltr'><strong>l0</strong></span> <span class='ocrx_word' id='word_1_197' title='bbox 285 2327 399 2388; x_wconf 89' lang='lat' dir='ltr'><strong>Milites</strong></span> <span class='ocrx_word' id='word_1_198' title='bbox 419 2328 711 2407; x_wconf 78' lang='lat' dir='ltr'><strong>quomodocumque</strong></span> <span class='ocrx_word' id='word_1_199' title='bbox 733 2325 867 2388; x_wconf 88' lang='lat' dir='ltr'><strong>iecerint</strong></span> <span class='ocrx_word' id='word_1_200' title='bbox 881 2336 1088 2405; x_wconf 84' lang='lat' dir='ltr'><strong>testamenta,</strong></span> <span class='ocrx_word' id='word_1_201' title='bbox 1105 2325 1230 2402; x_wconf 86' lang='lat' dir='ltr'><strong>ualent,</strong></span> <span class='ocrx_word' id='word_1_202' title='bbox 1248 2325 1282 2387; x_wconf 93' lang='lat' dir='ltr'><strong>id</strong></span> 
     </span>
     <span class='ocr_line' id='line_1_24' title="bbox 201 2411 1282 2493; baseline -0.002 -19"><span class='ocrx_word' id='word_1_203' title='bbox 201 2423 248 2474; x_wconf 90' lang='lat' dir='ltr'><strong>est</strong></span> <span class='ocrx_word' id='word_1_204' title='bbox 263 2414 357 2475; x_wconf 90' lang='lat' dir='ltr'><strong>etiam</strong></span> <span class='ocrx_word' id='word_1_205' title='bbox 373 2414 442 2475; x_wconf 88' lang='lat' dir='ltr'><strong>sine</strong></span> <span class='ocrx_word' id='word_1_206' title='bbox 459 2415 598 2493; x_wconf 81' lang='lat' dir='ltr'><strong>legitima</strong></span> <span class='ocrx_word' id='word_1_207' title='bbox 613 2412 844 2474; x_wconf 86' lang='lat' dir='ltr'><strong>obseruatione.</strong></span> <span class='ocrx_word' id='word_1_208' title='bbox 873 2431 947 2474; x_wconf 88' lang='lat' dir='ltr'><strong>nam</strong></span> <span class='ocrx_word' id='word_1_209' title='bbox 962 2411 1191 2493; x_wconf 87' lang='lat' dir='ltr'><strong>principalibus</strong></span> <span class='ocrx_word' id='word_1_210' title='bbox 1207 2430 1282 2472; x_wconf 91' lang='lat' dir='ltr'><strong>con-</strong></span> 
     </span>
    </p>

    <p class='ocr_par' dir='ltr' id='par_1_9' title="bbox 158 2497 1333 2837">
     <span class='ocr_line' id='line_1_25' title="bbox 158 2497 1278 2580; baseline -0.007 -14"><span class='ocrx_word' id='word_1_211' title='bbox 158 2562 161 2566; x_wconf 23' lang='lat' dir='ltr'><strong><em>s</em></strong></span> <span class='ocrx_word' id='word_1_212' title='bbox 199 2497 416 2562; x_wconf 90' lang='lat' dir='ltr'><strong>stitutiouibus</strong></span> <span class='ocrx_word' id='word_1_213' title='bbox 438 2500 629 2580; x_wconf 91' lang='lat' dir='ltr'><strong>permissum</strong></span> <span class='ocrx_word' id='word_1_214' title='bbox 654 2509 702 2560; x_wconf 91' lang='lat' dir='ltr'><strong>est</strong></span> <span class='ocrx_word' id='word_1_215' title='bbox 725 2499 802 2577; x_wconf 83' lang='lat' dir='ltr'><strong>illis,</strong></span> <span class='ocrx_word' id='word_1_216' title='bbox 832 2498 1124 2578; x_wconf 88' lang='lat' dir='ltr'><strong>quomodocumque</strong></span> <span class='ocrx_word' id='word_1_217' title='bbox 1147 2498 1278 2579; x_wconf 80' lang='lat' dir='ltr'><strong>uellent,</strong></span> 
     </span>
     <span class='ocr_line' id='line_1_26' title="bbox 200 2584 1333 2666; baseline -0.003 -19"><span class='ocrx_word' id='word_1_218' title='bbox 200 2585 492 2666; x_wconf 89' lang='lat' dir='ltr'><strong>quomodocumque</strong></span> <span class='ocrx_word' id='word_1_219' title='bbox 514 2594 659 2665; x_wconf 86' lang='lat' dir='ltr'><strong>possent,</strong></span> <span class='ocrx_word' id='word_1_220' title='bbox 682 2586 804 2646; x_wconf 88' lang='lat' dir='ltr'><strong>testari.</strong></span> <span class='ocrx_word' id='word_1_221' title='bbox 836 2584 933 2665; x_wconf 91' lang='lat' dir='ltr'><strong>idque</strong></span> <span class='ocrx_word' id='word_1_222' title='bbox 947 2595 1179 2662; x_wconf 81' lang='lat' dir='ltr'><strong>testamentum,</strong></span> <span class='ocrx_word' id='word_1_223' title='bbox 1203 2584 1282 2665; x_wconf 80' lang='lat' dir='ltr'><strong>quod</strong></span> <span class='ocrx_word' id='word_1_224' title='bbox 1300 2599 1333 2644; x_wconf 73' lang='lat'><strong>25</strong></span> 
     </span>
     <span class='ocr_line' id='line_1_27' title="bbox 199 2670 1280 2752; baseline -0.002 -21"><span class='ocrx_word' id='word_1_225' title='bbox 199 2672 288 2732; x_wconf 82' lang='lat' dir='ltr'><strong>miles</strong></span> <span class='ocrx_word' id='word_1_226' title='bbox 304 2681 412 2732; x_wconf 89' lang='lat' dir='ltr'><strong>contra</strong></span> <span class='ocrx_word' id='word_1_227' title='bbox 433 2672 511 2733; x_wconf 78' lang='lat' dir='ltr'><strong>iuris</strong></span> <span class='ocrx_word' id='word_1_228' title='bbox 532 2671 674 2752; x_wconf 77' lang='lat' dir='ltr'><strong>regulam</strong></span> <span class='ocrx_word' id='word_1_229' title='bbox 689 2670 779 2746; x_wconf 88' lang='lat' dir='ltr'><strong>lecit,</strong></span> <span class='ocrx_word' id='word_1_230' title='bbox 804 2672 848 2730; x_wconf 91' lang='lat' dir='ltr'><strong>ita</strong></span> <span class='ocrx_word' id='word_1_231' title='bbox 864 2670 992 2733; x_wconf 90' lang='lat' dir='ltr'><strong>demum</strong></span> <span class='ocrx_word' id='word_1_232' title='bbox 1013 2671 1114 2749; x_wconf 87' lang='lat' dir='ltr'><strong>ualet,</strong></span> <span class='ocrx_word' id='word_1_233' title='bbox 1139 2671 1165 2731; x_wconf 90' lang='lat' dir='ltr'><strong>si</strong></span> <span class='ocrx_word' id='word_1_234' title='bbox 1181 2670 1232 2732; x_wconf 87' lang='lat' dir='ltr'><strong>uel</strong></span> <span class='ocrx_word' id='word_1_235' title='bbox 1249 2670 1280 2729; x_wconf 90' lang='lat' dir='ltr'><strong>in</strong></span> 
     </span>
     <span class='ocr_line' id='line_1_28' title="bbox 201 2756 1116 2837; baseline 0.001 -21"><span class='ocrx_word' id='word_1_236' title='bbox 201 2757 311 2818; x_wconf 92' lang='lat' dir='ltr'><strong>castris</strong></span> <span class='ocrx_word' id='word_1_237' title='bbox 327 2765 469 2819; x_wconf 87' lang='lat' dir='ltr'><strong>mortuus</strong></span> <span class='ocrx_word' id='word_1_238' title='bbox 484 2757 591 2819; x_wconf 88' lang='lat' dir='ltr'><strong>situel</strong></span> <span class='ocrx_word' id='word_1_239' title='bbox 606 2766 677 2837; x_wconf 91' lang='lat' dir='ltr'><strong>post</strong></span> <span class='ocrx_word' id='word_1_240' title='bbox 691 2757 874 2817; x_wconf 88' lang='lat' dir='ltr'><strong>missionem</strong></span> <span class='ocrx_word' id='word_1_241' title='bbox 890 2756 972 2817; x_wconf 89' lang='lat' dir='ltr'><strong>intra</strong></span> <span class='ocrx_word' id='word_1_242' title='bbox 988 2775 1116 2819; x_wconf 90' lang='lat' dir='ltr'><strong>annum.</strong></span> 
     </span>
    </p>
   </div>
   <div class='ocr_carea' id='block_1_3' title="bbox 584 2926 894 3026">
    <p class='ocr_par' dir='ltr' id='par_1_10' title="bbox 584 2926 894 3026">
     <span class='ocr_line' id='line_1_29' title="bbox 584 2926 894 3026; baseline 0.003 -22"><span class='ocrx_word' id='word_1_243' title='bbox 584 2945 661 3026; x_wconf 80' lang='lat' dir='ltr'><strong>[xxm</strong></span> <span class='ocrx_word' id='word_1_244' title='bbox 705 2961 743 3003; x_wconf 84' lang='lat' dir='ltr'><strong>nu</strong></span> <span class='ocrx_word' id='word_1_245' title='bbox 765 2926 894 3025; x_wconf 75' lang='lat' dir='ltr'><strong>uncinis]</strong></span> 
     </span>
    </p>
   </div>
   <div class='ocr_carea' id='block_1_4' title="bbox 163 3062 1332 3575">
    <p class='ocr_par' dir='ltr' id='par_1_11' title="bbox 165 3062 1332 3316">
     <span class='ocr_line' id='line_1_30' title="bbox 165 3062 1282 3145; baseline 0.002 -21"><span class='ocrx_word' id='word_1_246' title='bbox 165 3066 176 3124; x_wconf 99' lang='grc'><strong>4</strong></span> <span class='ocrx_word' id='word_1_247' title='bbox 286 3067 435 3143; x_wconf 81' lang='lat' dir='ltr'><strong>Legatum</strong></span> <span class='ocrx_word' id='word_1_248' title='bbox 457 3074 506 3125; x_wconf 90' lang='lat' dir='ltr'><strong>est</strong></span> <span class='ocrx_word' id='word_1_249' title='bbox 521 3062 606 3144; x_wconf 91' lang='lat' dir='ltr'><strong>quod</strong></span> <span class='ocrx_word' id='word_1_250' title='bbox 621 3064 700 3143; x_wconf 78' lang='lat' dir='ltr'><strong>legis</strong></span> <span class='ocrx_word' id='word_1_251' title='bbox 715 3063 823 3144; x_wconf 84' lang='lat' dir='ltr'><strong>modo,</strong></span> <span class='ocrx_word' id='word_1_252' title='bbox 842 3063 875 3125; x_wconf 94' lang='lat' dir='ltr'><strong>id</strong></span> <span class='ocrx_word' id='word_1_253' title='bbox 891 3074 940 3126; x_wconf 91' lang='lat' dir='ltr'><strong>est</strong></span> <span class='ocrx_word' id='word_1_254' title='bbox 955 3065 1159 3145; x_wconf 84' lang='lat' dir='ltr'><strong>imperatiue,</strong></span> <span class='ocrx_word' id='word_1_255' title='bbox 1183 3075 1282 3126; x_wconf 89' lang='lat' dir='ltr'><strong>testa-</strong></span> 
     </span>
     <span class='ocr_line' id='line_1_31' title="bbox 202 3149 1332 3231; baseline -0.002 -19"><span class='ocrx_word' id='word_1_256' title='bbox 202 3161 307 3212; x_wconf 91' lang='lat' dir='ltr'><strong>mento</strong></span> <span class='ocrx_word' id='word_1_257' title='bbox 324 3151 528 3228; x_wconf 87' lang='lat' dir='ltr'><strong>relinquitur.</strong></span> <span class='ocrx_word' id='word_1_258' title='bbox 554 3170 628 3211; x_wconf 88' lang='lat' dir='ltr'><strong>nam</strong></span> <span class='ocrx_word' id='word_1_259' title='bbox 643 3169 690 3228; x_wconf 87' lang='lat' dir='ltr'><strong>ea,</strong></span> <span class='ocrx_word' id='word_1_260' title='bbox 709 3169 791 3230; x_wconf 90' lang='lat' dir='ltr'><strong>quae</strong></span> <span class='ocrx_word' id='word_1_261' title='bbox 806 3152 968 3231; x_wconf 88' lang='lat' dir='ltr'><strong>precatiuo</strong></span> <span class='ocrx_word' id='word_1_262' title='bbox 983 3149 1074 3212; x_wconf 91' lang='lat' dir='ltr'><strong>modo</strong></span> <span class='ocrx_word' id='word_1_263' title='bbox 1091 3152 1281 3230; x_wconf 89' lang='lat' dir='ltr'><strong>relinquun·</strong></span> <span class='ocrx_word' id='word_1_264' title='bbox 1300 3165 1332 3211; x_wconf 82' lang='lat' dir='ltr'><strong>eo</strong></span> 
     </span>
     <span class='ocr_line' id='line_1_32' title="bbox 201 3237 701 3316; baseline 0 -18"><span class='ocrx_word' id='word_1_265' title='bbox 201 3246 264 3316; x_wconf 82' lang='lat' dir='ltr'><strong>tur,</strong></span> <span class='ocrx_word' id='word_1_266' title='bbox 283 3237 523 3299; x_wconf 86' lang='lat' dir='ltr'><strong>fideicommissa</strong></span> <span class='ocrx_word' id='word_1_267' title='bbox 537 3246 701 3298; x_wconf 85' lang='lat' dir='ltr'><strong>uocantur.</strong></span> 
     </span>
    </p>

    <p class='ocr_par' dir='ltr' id='par_1_12' title="bbox 163 3320 1282 3403">
     <span class='ocr_line' id='line_1_33' title="bbox 163 3320 1282 3403; baseline 0 -21"><span class='ocrx_word' id='word_1_268' title='bbox 163 3323 182 3382; x_wconf 78' lang='lat'><strong>2</strong></span> <span class='ocrx_word' id='word_1_269' title='bbox 287 3325 439 3403; x_wconf 74' lang='lat' dir='ltr'><strong>Legamus</strong></span> <span class='ocrx_word' id='word_1_270' title='bbox 454 3331 557 3384; x_wconf 87' lang='lat' dir='ltr'><strong>autem</strong></span> <span class='ocrx_word' id='word_1_271' title='bbox 574 3332 723 3402; x_wconf 89' lang='lat' dir='ltr'><strong>quattuor</strong></span> <span class='ocrx_word' id='word_1_272' title='bbox 738 3320 856 3384; x_wconf 91' lang='lat' dir='ltr'><strong>modis:</strong></span> <span class='ocrx_word' id='word_1_273' title='bbox 875 3341 935 3403; x_wconf 92' lang='lat' dir='ltr'><strong>per</strong></span> <span class='ocrx_word' id='word_1_274' title='bbox 949 3322 1206 3400; x_wconf 88' lang='lat' dir='ltr'><strong>uindicationem‚</strong></span> <span class='ocrx_word' id='word_1_275' title='bbox 1223 3341 1282 3403; x_wconf 90' lang='lat' dir='ltr'><strong>per</strong></span> 
     </span>
    </p>

    <p class='ocr_par' dir='ltr' id='par_1_13' title="bbox 163 3406 1284 3575">
     <span class='ocr_line' id='line_1_34' title="bbox 163 3406 1283 3490; baseline -0.002 -20"><span class='ocrx_word' id='word_1_276' title='bbox 163 3409 181 3470; x_wconf 83' lang='lat'><strong>3</strong></span> <span class='ocrx_word' id='word_1_277' title='bbox 201 3409 445 3487; x_wconf 88' lang='lat' dir='ltr'><strong>damnationem,</strong></span> <span class='ocrx_word' id='word_1_278' title='bbox 463 3408 590 3470; x_wconf 90' lang='lat' dir='ltr'><strong>sinendi</strong></span> <span class='ocrx_word' id='word_1_279' title='bbox 608 3408 708 3488; x_wconf 81' lang='lat' dir='ltr'><strong>modo,</strong></span> <span class='ocrx_word' id='word_1_280' title='bbox 728 3427 786 3490; x_wconf 91' lang='lat' dir='ltr'><strong>per</strong></span> <span class='ocrx_word' id='word_1_281' title='bbox 800 3409 1067 3489; x_wconf 90' lang='lat' dir='ltr'><strong>praeceptionem.</strong></span> <span class='ocrx_word' id='word_1_282' title='bbox 1099 3410 1157 3469; x_wconf 89' lang='lat' dir='ltr'><strong>Per</strong></span> <span class='ocrx_word' id='word_1_283' title='bbox 1172 3406 1283 3470; x_wconf 91' lang='lat' dir='ltr'><strong>uindi-</strong></span> 
     </span>
     <span class='ocr_line' id='line_1_35' title="bbox 201 3494 1284 3575; baseline 0 -19"><span class='ocrx_word' id='word_1_284' title='bbox 201 3496 354 3557; x_wconf 89' lang='lat' dir='ltr'><strong>cationem</strong></span> <span class='ocrx_word' id='word_1_285' title='bbox 376 3495 425 3556; x_wconf 93' lang='lat' dir='ltr'><strong>his</strong></span> <span class='ocrx_word' id='word_1_286' title='bbox 447 3494 556 3557; x_wconf 87' lang='lat' dir='ltr'><strong>uerbis</strong></span> <span class='ocrx_word' id='word_1_287' title='bbox 578 3496 735 3575; x_wconf 77' lang='lat' dir='ltr'><strong>legamus:</strong></span> <span class='ocrx_word' id='word_1_288' title='bbox 759 3513 799 3557; x_wconf 90' lang='lat' dir='ltr'><strong>no</strong></span> <span class='ocrx_word' id='word_1_289' title='bbox 821 3513 912 3573; x_wconf 78' lang='lat' dir='ltr'><strong>inco,</strong></span> <span class='ocrx_word' id='word_1_290' title='bbox 938 3512 1060 3574; x_wconf 75' lang='lat' dir='ltr'><strong>cirino,</strong></span> <span class='ocrx_word' id='word_1_291' title='bbox 1083 3513 1207 3574; x_wconf 76' lang='lat' dir='ltr'><strong>sturno,</strong></span> <span class='ocrx_word' id='word_1_292' title='bbox 1225 3512 1284 3557; x_wconf 80' lang='lat' dir='ltr'><strong>suu</strong></span> 
     </span>
    </p>
   </div>
   <div class='ocr_carea' id='block_1_5' title="bbox 203 3684 1279 3698">
    <p class='ocr_par' dir='ltr' id='par_1_14' title="bbox 203 3684 1279 3698">
     <span class='ocr_line' id='line_1_36' title="bbox 203 3684 1279 3698; baseline -0.002 -1"><span class='ocrx_word' id='word_1_293' title='bbox 203 3686 209 3696; x_wconf 89' lang='grc' dir='ltr'><em>Ι</em></span> <span class='ocrx_word' id='word_1_294' title='bbox 219 3686 225 3693; x_wconf 72' lang='lat' dir='ltr'><em>l</em></span> <span class='ocrx_word' id='word_1_295' title='bbox 244 3684 362 3697; x_wconf 58' lang='grc' dir='ltr'><strong>»ιΝνΝΛΝΧί</strong></span> <span class='ocrx_word' id='word_1_296' title='bbox 370 3684 422 3697; x_wconf 65' lang='lat' dir='ltr'><strong>&#39;‘WV</strong></span> <span class='ocrx_word' id='word_1_297' title='bbox 435 3684 823 3697; x_wconf 49' lang='lat' dir='ltr'><strong>&#39;amma-&#39;xmwwmmtmtvva</strong></span> <span class='ocrx_word' id='word_1_298' title='bbox 831 3684 888 3698; x_wconf 70' lang='grc' dir='ltr'><strong>ΙᾺΝ</strong></span> <span class='ocrx_word' id='word_1_299' title='bbox 1109 3684 1177 3696; x_wconf 74' lang='lat' dir='ltr'><strong>&#39;Vvvxr</strong></span> <span class='ocrx_word' id='word_1_300' title='bbox 1188 3685 1279 3698; x_wconf 54' lang='lat' dir='ltr'><strong>tvvm</strong></span> 
     </span>
    </p>
   </div>
   <div class='ocr_carea' id='block_1_6' title="bbox 271 3800 1284 3870">
    <p class='ocr_par' dir='ltr' id='par_1_15' title="bbox 271 3800 1284 3870">
     <span class='ocr_line' id='line_1_37' title="bbox 271 3800 1284 3870; baseline 0.001 -17"><span class='ocrx_word' id='word_1_301' title='bbox 271 3807 281 3852; x_wconf 87' lang='grc'><strong>4</strong></span> <span class='ocrx_word' id='word_1_302' title='bbox 305 3804 476 3855; x_wconf 83' lang='lat' dir='ltr'><strong>inirritumG</strong></span> <span class='ocrx_word' id='word_1_303' title='bbox 503 3801 514 3870; x_wconf 85' lang='grc' dir='ltr'><strong>ΙΙ</strong></span> <span class='ocrx_word' id='word_1_304' title='bbox 541 3803 660 3856; x_wconf 72' lang='lat' dir='ltr'><strong>testord</strong></span> <span class='ocrx_word' id='word_1_305' title='bbox 686 3800 697 3870; x_wconf 87' lang='grc' dir='ltr'><strong>ΙΙ</strong></span> <span class='ocrx_word' id='word_1_306' title='bbox 726 3808 829 3868; x_wconf 82' lang='lat' dir='ltr'><strong>tquae</strong></span> <span class='ocrx_word' id='word_1_307' title='bbox 844 3803 974 3862; x_wconf 76' lang='grc'><strong>0444444444,</strong></span> <span class='ocrx_word' id='word_1_308' title='bbox 995 3803 1119 3867; x_wconf 71' lang='lat' dir='ltr'><strong>nequet</strong></span> <span class='ocrx_word' id='word_1_309' title='bbox 1146 3801 1155 3868; x_wconf 91' lang='grc' dir='ltr'><strong>ΙΙ</strong></span> <span class='ocrx_word' id='word_1_310' title='bbox 1185 3807 1284 3868; x_wconf 71' lang='grc' dir='ltr'><strong>θροε-</strong></span> 
     </span>
    </p>
   </div>
   <div class='ocr_carea' id='block_1_7' title="bbox 202 3869 1373 3941">
    <p class='ocr_par' dir='ltr' id='par_1_16' title="bbox 202 3869 1373 3941">
     <span class='ocr_line' id='line_1_38' title="bbox 202 3869 1373 3941; baseline -0.001 -18"><span class='ocrx_word' id='word_1_311' title='bbox 202 3875 324 3925; x_wconf 84' lang='lat' dir='ltr'><strong>sessione</strong></span> <span class='ocrx_word' id='word_1_312' title='bbox 339 3872 359 3924; x_wconf 82' lang='grc'><em>0</em></span> <span class='ocrx_word' id='word_1_313' title='bbox 379 3870 390 3941; x_wconf 78' lang='grc' dir='ltr'><strong>ΙΙ</strong></span> <span class='ocrx_word' id='word_1_314' title='bbox 413 3877 440 3922; x_wconf 88' lang='grc'><strong>44</strong></span> <span class='ocrx_word' id='word_1_315' title='bbox 457 3873 557 3924; x_wconf 80' lang='lat' dir='ltr'><strong>bouem</strong></span> <span class='ocrx_word' id='word_1_316' title='bbox 572 3873 592 3923; x_wconf 77' lang='grc' dir='ltr'><em>Ο</em></span> <span class='ocrx_word' id='word_1_317' title='bbox 608 3869 618 3940; x_wconf 91' lang='grc' dir='ltr'><strong>ΙΙ</strong></span> <span class='ocrx_word' id='word_1_318' title='bbox 635 3873 785 3925; x_wconf 80' lang='lat' dir='ltr'><strong>hebeturc</strong></span> <span class='ocrx_word' id='word_1_319' title='bbox 805 3870 816 3940; x_wconf 78' lang='grc' dir='ltr'><strong>ΙΙ</strong></span> <span class='ocrx_word' id='word_1_320' title='bbox 840 3876 870 3922; x_wconf 94' lang='grc'><strong>44</strong></span> <span class='ocrx_word' id='word_1_321' title='bbox 884 3885 939 3936; x_wconf 89' lang='lat' dir='ltr'><strong>quo</strong></span> <span class='ocrx_word' id='word_1_322' title='bbox 956 3872 1044 3931; x_wconf 76' lang='lat' dir='ltr'><strong>Titius,</strong></span> <span class='ocrx_word' id='word_1_323' title='bbox 1059 3885 1122 3922; x_wconf 92' lang='lat' dir='ltr'><strong>cum</strong></span> <span class='ocrx_word' id='word_1_324' title='bbox 1138 3871 1157 3922; x_wconf 83' lang='lat'><em>0</em></span> <span class='ocrx_word' id='word_1_325' title='bbox 1172 3869 1183 3939; x_wconf 73' lang='lat' dir='ltr'><strong>il</strong></span> <span class='ocrx_word' id='word_1_326' title='bbox 1208 3875 1239 3921; x_wconf 92' lang='grc'><strong>44</strong></span> <span class='ocrx_word' id='word_1_327' title='bbox 1252 3879 1284 3922; x_wconf 92' lang='lat' dir='ltr'><strong>ut</strong></span> <span class='ocrx_word' id='word_1_328' title='bbox 1372 3872 1373 3875; x_wconf 74' lang='grc'>’</span> 
     </span>
    </p>
   </div>
   <div class='ocr_carea' id='block_1_8' title="bbox 201 3938 1283 4216">
    <p class='ocr_par' dir='ltr' id='par_1_17' title="bbox 201 3938 1283 4216">
     <span class='ocr_line' id='line_1_39' title="bbox 201 3938 1255 4009; baseline 0.001 -19"><span class='ocrx_word' id='word_1_329' title='bbox 201 3943 284 4007; x_wconf 74' lang='lat' dir='ltr'><strong>liupo,</strong></span> <span class='ocrx_word' id='word_1_330' title='bbox 300 3943 382 3993; x_wconf 87' lang='lat' dir='ltr'><strong>idest</strong></span> <span class='ocrx_word' id='word_1_331' title='bbox 396 3941 416 3992; x_wconf 84' lang='lat' dir='ltr'><em>C</em></span> <span class='ocrx_word' id='word_1_332' title='bbox 437 3939 447 4009; x_wconf 75' lang='lat' dir='ltr'><strong>ll</strong></span> <span class='ocrx_word' id='word_1_333' title='bbox 472 3947 500 3991; x_wconf 81' lang='grc'><strong>47</strong></span> <span class='ocrx_word' id='word_1_334' title='bbox 515 3943 656 4008; x_wconf 79' lang='lat' dir='ltr'><strong>pubertate</strong></span> <span class='ocrx_word' id='word_1_335' title='bbox 671 3943 690 3993; x_wconf 81' lang='lat' dir='ltr'><strong><em>G</em></strong></span> <span class='ocrx_word' id='word_1_336' title='bbox 712 3940 723 4009; x_wconf 84' lang='grc' dir='ltr'><strong>ΙΙ</strong></span> <span class='ocrx_word' id='word_1_337' title='bbox 747 3939 1022 3992; x_wconf 74' lang='lat' dir='ltr'><strong>ttexhercditatesc</strong></span> <span class='ocrx_word' id='word_1_338' title='bbox 1043 3938 1054 4007; x_wconf 82' lang='grc' dir='ltr'><strong>ΙΙ</strong></span> <span class='ocrx_word' id='word_1_339' title='bbox 1076 3944 1108 3990; x_wconf 72' lang='lat' dir='ltr'><strong>tt</strong></span> <span class='ocrx_word' id='word_1_340' title='bbox 1121 3941 1255 3991; x_wconf 84' lang='lat' dir='ltr'><strong>hedemG</strong></span> 
     </span>
     <span class='ocr_line' id='line_1_40' title="bbox 201 4008 1241 4080; baseline -0.001 -19"><span class='ocrx_word' id='word_1_341' title='bbox 201 4010 272 4074; x_wconf 86' lang='lat' dir='ltr'><strong>quis]</strong></span> <span class='ocrx_word' id='word_1_342' title='bbox 290 4013 368 4076; x_wconf 84' lang='lat' dir='ltr'><strong>prius</strong></span> <span class='ocrx_word' id='word_1_343' title='bbox 379 4012 528 4062; x_wconf 71' lang='lat' dir='ltr'><strong>lachetem</strong></span> <span class='ocrx_word' id='word_1_344' title='bbox 562 4010 573 4080; x_wconf 85' lang='grc' dir='ltr'><strong>ΙΙ</strong></span> <span class='ocrx_word' id='word_1_345' title='bbox 607 4010 812 4062; x_wconf 79' lang='lat' dir='ltr'><strong>institoheretc</strong></span> <span class='ocrx_word' id='word_1_346' title='bbox 844 4008 856 4078; x_wconf 82' lang='grc' dir='ltr'><strong>ΙΙ</strong></span> <span class='ocrx_word' id='word_1_347' title='bbox 890 4012 921 4058; x_wconf 74' lang='grc'><strong>44</strong></span> <span class='ocrx_word' id='word_1_348' title='bbox 940 4009 1241 4074; x_wconf 79' lang='lat' dir='ltr'><strong>commodocumquet&#39;</strong></span> 
     </span>
     <span class='ocr_line' id='line_1_41' title="bbox 201 4075 1283 4146; baseline 0.001 -18"><span class='ocrx_word' id='word_1_349' title='bbox 201 4082 234 4128; x_wconf 84' lang='grc'><strong>44</strong></span> <span class='ocrx_word' id='word_1_350' title='bbox 252 4083 443 4131; x_wconf 77' lang='lat' dir='ltr'><strong>testamentum</strong></span> <span class='ocrx_word' id='word_1_351' title='bbox 461 4081 535 4146; x_wconf 91' lang='lat' dir='ltr'><strong>quod</strong></span> <span class='ocrx_word' id='word_1_352' title='bbox 552 4082 632 4132; x_wconf 83' lang='lat' dir='ltr'><strong>miles</strong></span> <span class='ocrx_word' id='word_1_353' title='bbox 648 4080 736 4139; x_wconf 75' lang='lat' dir='ltr'><strong>Titios,</strong></span> <span class='ocrx_word' id='word_1_354' title='bbox 756 4081 917 4130; x_wconf 80' lang='lat' dir='ltr'><strong>testamento</strong></span> <span class='ocrx_word' id='word_1_355' title='bbox 936 4091 1000 4129; x_wconf 88' lang='lat' dir='ltr'><strong>cum</strong></span> <span class='ocrx_word' id='word_1_356' title='bbox 1018 4078 1106 4129; x_wconf 83' lang='lat' dir='ltr'><strong>illisG</strong></span> <span class='ocrx_word' id='word_1_357' title='bbox 1132 4075 1144 4144; x_wconf 83' lang='grc' dir='ltr'><strong>ΙΙ</strong></span> <span class='ocrx_word' id='word_1_358' title='bbox 1172 4082 1206 4128; x_wconf 72' lang='lat' dir='ltr'><strong>tt</strong></span> <span class='ocrx_word' id='word_1_359' title='bbox 1224 4080 1283 4129; x_wconf 91' lang='lat' dir='ltr'><strong>iure</strong></span> 
     </span>
     <span class='ocr_line' id='line_1_42' title="bbox 204 4144 833 4216; baseline -0.002 -18"><span class='ocrx_word' id='word_1_360' title='bbox 204 4146 224 4198; x_wconf 82' lang='lat' dir='ltr'><strong><em>C</em></strong></span> <span class='ocrx_word' id='word_1_361' title='bbox 251 4144 262 4215; x_wconf 85' lang='grc' dir='ltr'><strong>ΙΙ</strong></span> <span class='ocrx_word' id='word_1_362' title='bbox 291 4153 322 4198; x_wconf 86' lang='grc'><strong>44</strong></span> <span class='ocrx_word' id='word_1_363' title='bbox 336 4150 484 4212; x_wconf 82' lang='lat' dir='ltr'><strong>precatioio</strong></span> <span class='ocrx_word' id='word_1_364' title='bbox 500 4149 549 4201; x_wconf 70' lang='lat'><strong>0²?</strong></span> <span class='ocrx_word' id='word_1_365' title='bbox 577 4147 588 4216; x_wconf 75' lang='grc'><strong>14</strong></span> <span class='ocrx_word' id='word_1_366' title='bbox 617 4146 833 4212; x_wconf 74' lang='lat' dir='ltr'><strong>ttsibiisiueC</strong></span> 
     </span>
    </p>
   </div>
   <div class='ocr_carea' id='block_1_9' title="bbox 0 0 1512 4736">
    <p class='ocr_par' dir='ltr' id='par_1_18' title="bbox 0 0 1512 4736">
     <span class='ocr_line' id='line_1_43' title="bbox 0 0 1512 4736; baseline 0 0"><span class='ocrx_word' id='word_1_367' title='bbox 0 0 1512 4736; x_wconf 95' lang='lat' dir='ltr'><strong> </strong></span> 
     </span>
    </p>
   </div>
  </div>
 </body>
</html>
