3010 4738
240 367 314 419 Paul.
331 368 363 429 V,
381 372 410 416 42
621 396 706 412 —-·-
752 366 812 428 122
855 400 941 413 ·—

239 557 313 618 fisco
327 554 542 618 uindicantur.
589 555 715 637 quodsi
731 557 817 618 serui
833 558 997 636 ignorante
1019 553 1145 616 domino
1161 553 1194 616 id
1210 553 1322 617 iecisse

239 641 400 720 dicantur,
425 643 486 722 ipsi
502 641 632 722 quidem
650 661 772 704 summo
794 642 949 722 supplicio
964 640 1171 720 adficiuntur,
1196 639 1322 702 domino

239 739 345 791 tamen
362 728 441 790 nihil
457 727 612 806 aufertur,
636 731 711 809 quia
733 728 873 808 peiorem
894 728 1013 790 domini
1032 745 1158 789 causam
1173 729 1258 788 serui
1273 726 1322 788 ia·

182 816 219 876 43
240 834 322 893 cere,
341 815 402 875 nisi
420 813 499 875 lorte
514 816 635 893 scierit,
654 816 781 876 omnino
796 834 858 875 non
879 822 1021 896 possunt.
1070 811 1135 875 *Ex
1149 813 1200 874 bis
1215 812 1316 892 bonis,

239 901 337 981 *quae
359 899 400 962 ad
423 901 533 962 fiscum
555 900 658 963 delata
681 909 772 980 sunt,
798 901 1007 962 instrumenta
1026 899 1079 961 uel
1101 900 1316 980 chirographa,
1340 910 1355 954 5

239 985 326 1048 *acta
340 986 433 1047 etiam
448 985 489 1048 ad
505 988 554 1049 ius
569 988 766 1068 priuatorum
784 986 977 1067 pertinentia
992 986 1117 1047 restitui
1132 986 1321 1066 postulanti-

181 1076 218 1135 ll
238 1071 317 1135 *bus
338 1075 498 1135 conuenit.
544 1075 652 1154 Neque
674 1074 884 1135 instrumenta
904 1091 1011 1153 neque
1031 1081 1100 1133 acta
1121 1091 1139 1133 a
1161 1090 1320 1152 quoquam

181 1161 219 1219 lb
236 1157 411 1220 *aduersus
422 1159 533 1222 fiscum
549 1158 601 1221 edi
617 1168 751 1240 oportet.
776 1160 846 1240 lpse
862 1168 966 1221 autem
982 1158 1076 1220 fiscus
1090 1165 1231 1220 aetorum
1246 1177 1320 1220 suo-

238 1242 326 1306 *rnm
343 1246 488 1326 exempla
509 1247 566 1306 bac
582 1245 764 1307 condicione
780 1244 864 1323 edit,
882 1254 919 1307 ut
934 1245 979 1324 is,
997 1245 1048 1306 cui
1065 1242 1271 1306 describendi
1285 1244 1321 1305 lit

237 1330 411 1412 *potestas,
436 1331 590 1393 aduersus
605 1351 639 1393 se
655 1333 708 1394 uel
724 1351 790 1393 rem
806 1331 965 1413 publicam
981 1331 1032 1392 his
1047 1331 1124 1392 actis
1139 1349 1177 1392 ee
1191 1338 1316 1392 utatur:
1340 1339 1371 1385 to

237 1415 295 1477 *de
313 1436 375 1496 quo
391 1437 504 1480 cauere
520 1418 728 1498 compellitur,
750 1426 797 1496 ut,
815 1419 842 1479 si
857 1437 935 1479 usus
950 1420 978 1478 is
993 1425 1098 1478 contra
1114 1415 1319 1478 interdictum

181 1507 219 1565 lb
237 1502 362 1581 *luerit
381 1523 475 1565 causa
491 1502 592 1565 cadat.
640 1505 791 1577 Quotiens
813 1502 899 1584 apud
914 1503 1024 1565 fiscum
1039 1504 1159 1583 agitur,
1178 1512 1319 1564 aetorum

237 1589 394 1669 *potestas
408 1589 596 1670 postulanda
610 1599 667 1668 est,
686 1599 721 1651 ut
735 1592 848 1651 merito
863 1591 913 1651 his
929 1591 975 1651 uti
988 1590 1090 1668 liceat,
1110 1607 1211 1669 eaque
1224 1607 1319 1650 manu

237 1675 546 1737 *commentariensis
567 1675 744 1737 adnotanda
760 1684 844 1737 sunt.
892 1675 1019 1755 quodsi
1042 1693 1078 1736 ea
1100 1675 1192 1737 aliter
1211 1673 1320 1754 proie-

180 1764 218 1823 l7
236 1761 381 1835 *rantur‚
406 1762 505 1841 isqui
527 1763 568 1822 ita
590 1762 757 1842 protulerit
777 1780 870 1823 eausa
886 1761 981 1823 cadit.
1027 1762 1179 1833 Quotiens
1202 1764 1319 1822 iterum
1338 1770 1371 1817 to

236 1844 341 1927 *apud
356 1847 467 1909 liscum
488 1846 599 1908 eadem
615 1866 707 1909 causa
722 1855 888 1926 tractatur,
907 1849 1048 1928 priorum
1064 1856 1219 1924 actorum,
1240 1865 1320 1927 quo-

235 1928 326 1993 *rum
342 1952 419 1995 usus
434 1952 497 1994 non
513 1934 616 1995 luerat
627 1935 814 2015 postulatus
833 1954 872 1995 ex
886 1933 987 1995 officio
1003 1933 1144 1995 recitatio
1160 1933 1229 1994 iure
1245 1951 1320 2014 pos-

180 2023 217 2082 l8
235 2017 353 2080 *cetur
400 2019 460 2092 Qui
475 2039 532 2101 pro
547 2021 608 2082 alio
622 2039 640 2081 a
656 2019 729 2082 fisco
744 2030 918 2082 conuentus
933 2018 1077 2082 debitum
1092 2019 1237 2098 exsoluit,
1255 2037 1319 2080 non

237 2102 365 2185 *inique
380 2106 518 2185 postulat
532 2110 786 2185 persecutionem
802 2104 955 2168 bonorum
972 2108 1042 2167 eius
1057 2124 1114 2186 pro
1130 2124 1192 2185 quo
1208 2105 1314 2168 soluit:

179 2195 216 2254 te
235 2190 286 2250 *in
303 2210 365 2272 quo
381 2194 476 2253 etiam
492 2191 636 2256 adiuuari
651 2212 710 2273 per
724 2192 859 2254 officium
876 2193 965 2255 solet.
1004 2192 1178 2253 Fiscalibus
1193 2190 1319 2253 debito-
1337 2200 1370 2246 ²⁰

234 2268 343 2340 *ribus
357 2278 540 2358 petentibus
562 2279 601 2342 ad
618 2278 857 2359 comparandam
873 2280 1041 2359 pecuniam
1063 2276 1243 2339 dilationem
1259 2295 1318 2338 ne-

235 2362 319 2444 *gari
341 2384 404 2426 non
420 2365 549 2444 placuit.
597 2367 687 2426 cuius
708 2366 753 2426 rei
770 2366 944 2426 aestimatio
967 2367 1010 2427 ita
1025 2364 1156 2425 arbitrio
1172 2363 1318 2425 iudican-

234 2448 293 2512 *tis
309 2450 510 2529 conceditur,
535 2461 570 2512 ut
586 2452 620 2512 in
635 2450 809 2512 maioribus
823 2452 955 2513 summis
969 2470 1032 2511 non
1053 2451 1126 2530 plus
1143 2468 1238 2530 quam
1253 2459 1318 2511 tres

233 2535 388 2615 *menses²
408 2537 440 2596 in
456 2536 630 2600 minoribus
645 2556 721 2598 uero
736 2555 798 2598 non
813 2537 885 2616 plus
900 2555 995 2617 qnam
1010 2536 1073 2598 duo
1087 2544 1314 2617 prorogantur:

234 2621 430 2702 *prolixioris
452 2631 557 2685 autem
572 2625 723 2704 temporis
737 2624 874 2705 spatium
889 2622 930 2684 ab
951 2624 1140 2703 imperatore
1156 2623 1318 2702 postulan-
1336 2631 1368 2678 25

176 2712 215 2772 20
233 2707 329 2770 *dum
346 2718 403 2770 est.
451 2710 485 2769 Si
506 2710 692 2790 principalis
708 2710 755 2771 rei
777 2709 859 2771 bona
881 2707 922 2770 ad
936 2709 1045 2771 fiscum
1069 2707 1217 2770 deuoluta
1239 2710 1313 2786 sint,

234 2793 455 2856 *fideiussores
475 2795 669 2857 liberantur:
701 2796 764 2858 nisi
786 2794 865 2856 lorte
887 2797 993 2857 minus
1016 2793 1121 2857 idonei
1144 2797 1209 2856 sint
1230 2804 1261 2856 et
1284 2797 1317 2855 in

176 2883 210 2941 dt
234 2879 412 2959 *reliquum
427 2899 489 2942 non
505 2883 666 2943 exsolutae
681 2883 867 2962 quantitatis
882 2883 1082 2943 accesserint.
1113 2881 1146 2943 Si
1161 2882 1233 2961 plus
1248 2898 1318 2942 ser-

234 2964 360 3026 *uatum
374 2976 422 3026 est
437 2985 476 3027 ex
492 2966 583 3029 bonis
595 2967 748 3028 debitoris
763 2987 781 3028 a
796 2967 870 3028 fisco
884 2967 1053 3046 distractiS,
1071 2968 1141 3029 iure
1152 2985 1189 3028 ac
1203 2969 1316 3028 merito

175 3054 215 3117 22
233 3049 376 3112 *restitui
393 3054 580 3131 postulatur.
628 3053 814 3115 Conductcr
827 3072 867 3114 ex
884 3051 981 3115 fundo
997 3054 1096 3115 fiscali
1116 3052 1197 3114 nihil
1210 3063 1316 3116 trans·
1334 3064 1366 3109 eo

233 3135 336 3198 *lerre
353 3147 455 3216 potest
475 3157 534 3200 nec
557 3140 697 3219 cupressi
718 3139 883 3201 materiam
897 3138 1041 3201 uendere
1061 3140 1114 3201 uel
1134 3139 1237 3201 oliuae
1252 3157 1315 3200 non

232 3222 431 3284 *substitutis
450 3225 522 3286 aliis
544 3235 728 3305 ceterasque
749 3224 880 3287 arbores
907 3224 1078 3306 pomiferas
1099 3224 1251 3287 caedere:
1285 3233 1315 3286 et

173 3313 213 3376 23
232 3309 332 3372 *lacta
347 3311 416 3371 eius
431 3310 477 3371 rei
498 3312 714 3374 aestimatione
730 3312 764 3372 in
785 3311 998 3392 quadruplum
1014 3306 1210 3373 conuenitur.
1257 3312 1316 3372 lli-

232 3395 385 3458 *noribus
404 3396 519 3477 uiginti
541 3399 683 3478 quinque
706 3400 797 3461 annis
819 3416 924 3479 neque
946 3397 1066 3459 fundus
1087 3416 1192 3477 neque
1214 3397 1317 3459 uecti-

231 3480 333 3565 *galia
344 3480 474 3545 locanda
485 3492 570 3562 sunt,
589 3503 630 3546 ne
646 3483 802 3554 aduersus
814 3503 850 3547 ea
863 3482 1016 3545 beneficio
1029 3484 1142 3546 aetatis
1153 3481 1315 3558 utantur*
1333 3493 1366 3540 to

302 3744 344 3801 ⁴2,
360 3745 457 3790 lt-na
473 3761 505 3785 =
519 3741 579 3805 Dio.
594 3743 636 3801 49,
653 3742 694 3802 li,
709 3744 751 3805 ib,
766 3744 848 3792 l-li

236 3882 244 3890 ν
251 3881 260 3889 ι·
268 3874 884 3893 ΛΝκΛΝνννυκΝΜννννυννκΛΛΝυνννννννΜνν

302 3985 332 4029 to
351 3996 385 4032 ne
399 3983 549 4042 Mommsen,
563 3995 612 4031 cm.
628 3980 651 4031 F
685 3980 696 4044 ΙΙ
737 3985 768 4031 27
787 3983 878 4033 minus
891 3982 982 4033 idonei
996 3984 1050 4032 sint
1061 3980 1096 4045 et]
1110 3984 1202 4033 minus
1214 3981 1314 4032 idoneo

214 4050 373 4100 'Mommsen
402 4053 412 4114 n
442 4056 473 4100 33
493 4049 703 4111 eiusl'2‚eisl⁴'¹
