3006 4736
513 309 898 387 ⁴---ls--

206 499 382 561 sententiae
403 497 474 559 aliis
489 497 598 560 uerbis
620 497 705 577 apud
722 498 926 579 Wisigothos,
951 498 1021 560 aliis
1041 498 1073 560 in
1089 498 1226 578 Digestis
1240 498 1289 561 le-

206 594 337 665 guntur,
355 604 373 645 a
390 584 571 664 Wisigothis
587 584 748 646 mutilatae
763 603 804 647 an
826 583 866 645 ab
881 584 1063 646 Iustinianis
1079 582 1287 664 amplificatae

206 671 287 733 sint:
314 672 389 732 item
405 688 422 731 e
438 670 593 731 contrario
607 669 742 732 dubium
757 680 815 749 est,
835 673 865 748 l,
884 672 915 749 9,
933 672 964 731 3.
984 672 1001 731 l
1018 679 1124 732 utrum
1139 669 1180 731 ab
1195 670 1290 732 lusti-

206 757 310 818 nianis
325 757 358 818 in
374 755 473 818 breue
496 766 672 818 contractae
688 775 729 817 an
744 775 761 817 a
777 756 963 837 wisigothis
977 756 1031 819 uel
1052 755 1093 817 ab
1108 757 1287 836 antiquiore

206 843 310 923 aliquo
332 844 522 922 interprete,
546 860 641 922 quem
664 842 716 904 isti
733 843 826 904 Paulo
846 861 952 905 errore
975 861 1031 905 suo
1051 841 1285 921 substituerint,

206 928 352 991 dilatatae
373 930 448 990 sint.
481 928 559 1008 quin
581 929 676 990 etiam
697 928 950 1009 interpolationis
969 927 1074 990 labem
1089 929 1204 991 Paulus
1220 930 1289 990 Wi-

206 1015 399 1095 sigothorum
415 1015 448 1076 in
467 1015 495 1091 l,
516 1015 565 1091 l9,
587 1015 599 1074 l
621 1034 658 1077 eo
672 1016 844 1094 contraxit,
863 1013 948 1095 quod
963 1016 1043 1077 actio
1057 1013 1098 1076 de
1114 1013 1206 1076 modo
1220 1017 1287 1094 agri

206 1103 251 1162 eis
272 1099 449 1163 actionibus
475 1099 682 1162 adnumerata
704 1110 768 1180 est,
803 1120 885 1181 quae
911 1100 1074 1162 infitiando
1095 1102 1129 1161 in
1156 1101 1287 1180 duplum

206 1196 371 1249 crescunt:
396 1187 459 1248 nisi
481 1184 560 1249 forte
576 1185 628 1248 hie
649 1206 737 1248 error
758 1186 880 1250 dudum
902 1197 974 1249 ante
990 1189 1103 1267 Legem
1118 1188 1286 1248 Romanam

205 1273 315 1353 Wisig.
335 1281 518 1353 conceptam
529 1282 622 1334 natus
637 1281 668 1336 et
683 1273 716 1334 in
732 1273 813 1335 hanc
829 1275 929 1353 legem
946 1292 986 1335 ex
1001 1292 1037 1335 eo
1054 1273 1198 1353 exemplo
1213 1293 1289 1353 pro-

205 1368 338 1440 pagatus
359 1377 428 1420 esse
450 1357 631 1437 uidebitur,
658 1358 742 1439 quod
764 1360 929 1439 Wisigothi
952 1370 1192 1438 excerpserunt.
1230 1361 1289 1421 hoe

204 1447 315 1526 utique
337 1444 427 1505 modo
453 1444 677 1525 explicandum
699 1464 769 1506 esse
785 1456 878 1526 puto,
905 1444 1077 1526 quodcum
1098 1446 1205 1506 aliaet
1227 1447 1289 1507 mi-

206 1550 281 1592 nora
303 1530 487 1611 glossemata
509 1532 548 1610 (u.
568 1549 597 1611 g.
616 1532 646 1609 2,
668 1529 717 1610 tt,
738 1530 783 1612 7),
801 1541 868 1593 tum
884 1531 982 1592 semel
998 1532 1028 1610 2,
1048 1531 1099 1610 3l,
1121 1532 1160 1592 42
1178 1534 1288 1612 spuria

205 1618 362 1680 sententia
378 1617 411 1677 in
428 1619 541 1696 Legem
557 1618 726 1678 Romanam
741 1619 954 1697 inrepserunt.

291 1703 443 1765 Incertior
455 1721 550 1783 quam
566 1704 795 1765 sententiarum
812 1713 975 1765 contextus
991 1702 1071 1764 fides
1087 1702 1288 1766 rubricarum

206 1798 270 1865 est,
296 1806 377 1868 quae
401 1799 433 1850 et
455 1790 487 1852 in
503 1791 584 1870 Lege
599 1791 736 1850 Romana
751 1789 996 1869 Wisigothorum
1019 1799 1128 1852 extant
1149 1800 1180 1851 et
1202 1789 1289 1869 apud

207 1875 344 1953 reliquos
359 1876 587 1937 sententiarum
602 1884 745 1937 auctores
759 1876 895 1954 Digestis
911 1884 942 1937 et
956 1877 1115 1938 Vaticanis
1129 1874 1289 1956 fragmen-

204 1961 245 2021 tis
254 1962 394 2042 exceptis
402 1960 615 2044 occurrunt1).
640 1971 817 2023 nectamen
828 1961 1005 2023 uerendum
1015 1971 1072 2040 est,
1084 1980 1124 2023 ne
1135 1961 1288 2023 librorum

206 2047 238 2107 in
260 2047 366 2108 titulos
382 2047 497 2109 diuisio
518 2066 580 2109 non
603 2046 644 2109 ab
666 2048 733 2127 ipso
749 2048 842 2110 Paulo
863 2046 1003 2128 profecta
1025 2048 1082 2109 sit:
1108 2049 1203 2108 immo
1225 2049 1287 2109 tale

205 2152 300 2212 opus,
327 2134 360 2194 in
376 2152 437 2214 quo
453 2134 628 2196 secundum
644 2133 739 2195 edicti
754 2135 903 2214 perpetui
927 2133 1072 2196 ordinem
1087 2134 1166 2196 iuris
1181 2143 1288 2214 partes

205 2219 300 2299 uulgo
322 2239 356 2282 re
379 2221 447 2301 ipsa
469 2221 602 2282 intense
624 2239 687 2281 non
711 2239 848 2282 conexae
871 2222 1111 2298 continuantur,
1137 2239 1200 2281 non
1216 2230 1287 2300 apte

205 2305 273 2367 sine
285 2307 462 2386 conspicuis
473 2315 730 2387 argumentorum
743 2306 902 2369 indicibus
918 2305 969 2367 edi
980 2315 1103 2387 poterat
1120 2315 1151 2367 et
1167 2306 1288 2369 dudum

204 2401 267 2452 tam
283 2393 316 2452 in
339 2393 441 2454 edicto
457 2394 524 2474 ipso
540 2411 635 2473 quam
649 2394 681 2453 in
699 2392 793 2454 edicti
817 2393 1050 2454 commentariis
1065 2391 1212 2454 rubricae
1226 2412 1287 2454 usu

204 2488 372 2540 uenerant.
412 2479 530 2541 atenim
553 2487 627 2541 sunt
647 2477 810 2558 rubricae,
839 2498 921 2559 quae
941 2478 1027 2559 apud
1047 2478 1124 2540 alios
1145 2489 1288 2541 auctores

203 2566 296 2626 aliter
317 2564 504 2643 traduntur,
528 2585 560 2627 u.
580 2584 610 2645 g.
630 2566 665 2643 l,
686 2565 714 2624 l.
735 2566 763 2643 l,
786 2565 836 2625 tt.
858 2565 886 2643 l,
907 2564 957 2626 lb.
979 2567 1013 2643 t,
1032 2566 1064 2625 8.
1083 2567 1113 2643 l,
1132 2566 1163 2625 9.
1182 2565 1213 2643 5,
1234 2565 1285 2625 lb.

204 2651 236 2728 5,
255 2651 306 2712 22.
319 2651 341 2729 ²)
357 2672 363 2710 z
389 2652 469 2713 aliae
484 2650 525 2713 ad
541 2651 681 2731 singulas
696 2649 829 2713 binasue
844 2651 1016 2713 sententias
1036 2651 1185 2712 confictae
1201 2660 1285 2731 sunt,

204 2735 322 2816 quibus
337 2738 466 2800 Paulum
481 2738 627 2817 proprios
641 2737 747 2798 titulos
759 2755 821 2797 non
833 2737 1018 2816 praefixisse
1031 2735 1105 2798 inde
1116 2737 1285 2817 colligitur,

204 2821 290 2903 quod
315 2833 494 2903 sequuntur
519 2825 696 2885 sententiae
721 2823 808 2884 nullo
838 2823 929 2884 titulo
955 2822 995 2884 ab
1020 2823 1084 2884 illis
1110 2833 1285 2903 separatae,

204 2926 285 2986 quae
302 2927 365 2969 non
386 2907 427 2969 ad
448 2907 608 2970 rubricam
631 2909 693 2970 illis
709 2908 902 2988 praefixam,
925 2907 982 2970 sed
998 2927 1147 2971 unacum
1169 2909 1232 2970 illis
1247 2908 1288 2971 ad

203 2994 347 3074 proxime
367 2993 606 3056 antecedentem
629 2993 789 3056 rubricam
811 2994 984 3075 quadrant,
1009 3014 1041 3057 u.
1061 3014 1091 3075 g.
1110 2998 1146 3074 2,
1173 2994 1229 3071 tr,
1254 2998 1284 3056 l.

204 3080 235 3157 3,
254 3081 396 3158 tuas.
415 3081 445 3157 3,
467 3082 496 3159 6,
518 3080 568 3141 ll.
587 3080 618 3159 li,
638 3082 667 3157 6,
686 3081 717 3140 3.
737 3080 768 3153 5,
788 3081 838 3159 l2,
858 3080 888 3142 5.
908 3080 1006 3159 5,tt.
1040 3082 1120 3143 aliae
1137 3100 1174 3143 eo
1188 3082 1288 3143 offen-

204 3164 294 3242 dunt,
314 3166 398 3245 quod
411 3184 447 3227 ca
463 3167 604 3241 materia,
623 3167 673 3228 cui
686 3169 814 3246 propria
830 3165 956 3228 rubrica
968 3166 1132 3247 adsignata
1148 3177 1206 3246 est,
1225 3168 1287 3229 iam

203 3251 354 3332 ampliore
376 3251 504 3314 rubrica
525 3271 606 3332 quae
627 3255 796 3314 antecessit
817 3255 1044 3333 comprehensa
1067 3262 1129 3331 est,
1148 3273 1182 3315 u.
1201 3272 1232 3333 g.
1255 3255 1284 3333 l,

205 3340 234 3401 2.
250 3340 281 3400 3.
301 3340 332 3417 2,
348 3339 378 3399 l.
397 3339 428 3398 5.
447 3339 477 3413 2,
495 3342 524 3400 d.
539 3340 576 3398 8:
596 3338 674 3400 aliae
686 3337 827 3420 denique
839 3358 898 3419 per
913 3359 946 3402 se
962 3338 1188 3420 improbabiles
1199 3350 1284 3417 snut,

203 3425 293 3488 uelut
317 3426 346 3504 l,
367 3426 425 3486 l3r
447 3423 496 3505 (cf.
517 3426 551 3502 l,
573 3424 639 3503 tan)
666 3426 697 3505 2,
718 3426 919 3504 t3,6.t,t.
955 3435 1050 3506 atque
1065 3434 1101 3487 ut
1122 3426 1155 3486 in
1171 3425 1220 3487 his
1237 3427 1288 3487 in-

202 3511 423 3591 terpolationes
455 3511 741 3592 supplementaque
767 3512 951 3592 posterioris
973 3512 1085 3573 aetatis
1109 3531 1288 3592 agnoscun-

203 3609 272 3677 tur,
297 3599 339 3660 ita
361 3596 436 3658 alibi
460 3598 615 3678 genuinas
635 3597 779 3660 rubricas
799 3597 1002 3660 intercidisse
1020 3608 1167 3678 apparet,
1186 3599 1286 3660 ueluti

600 3788 606 3795 x
626 3788 660 3798 rm!
680 3786 922 3800 wwmzmwvxvxmw
941 3786 1058 3799 ,xmvvmm
1094 3790 1099 3797 x
1138 3787 1157 3799 «s
1171 3790 1179 3797 x
1206 3790 1211 3797 x
1229 3788 1277 3800 ρι,

273 3924 290 3986 ¹)
311 3924 477 3976 Consultatio
497 3926 524 3974 in
543 3928 597 3976 ct
617 3924 674 3974 solo
696 3925 797 3974 omissa
818 3925 929 3976 rubrica
950 3937 1005 3975 non
1027 3926 1092 3974 citat
1112 3926 1164 3975 nisi
1186 3925 1287 3975 librum

202 3994 408 4044 sententiarum.

205 4134 214 4178 ⁴
243 4060 294 4179 52)⁴
312 4063 364 4178 lippi
377 4063 454 4180 'lobna'
469 4062 566 4181 {Vispg
581 4074 643 4112 cum
662 4062 775 4126 reliquis
793 4061 953 4113 auctoribus
972 4063 1108 4113 consentit
1126 4064 1154 4111 in
1169 4062 1288 4114 rubricis

222 4168 228 4189 r
261 4168 267 4180 ·
302 4168 309 4190 a
360 4167 366 4179 ·
401 4169 407 4190 ι
457 4167 463 4180 ·
498 4169 504 4191 ι
555 4169 562 4183 ·
