3010 4738
571 368 656 380 ...-
702 337 760 399 107
804 369 890 381 --
966 335 1268 401 raul.1V,tt-v,t

189 524 248 586 hoo
278 522 369 585 modo
401 525 525 584 Sncuvs
554 536 637 585 amun
665 541 748 585 uero.
810 543 881 586 cnm
911 533 1017 587 autem
1047 541 1270 603 omonimum,

188 611 242 672 uel
265 629 314 683 ou
333 628 371 671 ux
390 628 515 670 lucram
530 627 595 670 nm
610 628 773 688 nascente,
798 628 922 672 irenam
941 629 1007 672 essu
1025 629 1119 690 voco,
1152 630 1192 672 ex
1213 611 1278 671 Or-

190 697 297 759 fitiano
320 705 450 758 senatus
471 695 611 766 consulto
626 695 761 774 perinde
782 695 913 759 libertas
928 699 1093 776 competit,
1120 697 1197 759 acsi
1214 715 1272 757 no-

189 784 331 845 minatim
348 781 421 844 data
443 783 500 843 sit:
525 781 699 844 officiorum
722 783 806 843 enim
822 792 853 845 et
866 783 984 845 ¹artium
1007 781 1176 862 appellatio
1191 782 1273 844 nihil

189 868 229 930 de
245 868 473 949 significatione
497 869 659 929 nominum
676 877 794 945 mutat:
819 870 882 930 nisi
897 869 974 930 lorte
989 869 1098 947 plures
1113 869 1192 947 sint,
1217 869 1272 948 qui
1291 880 1307 924 o

190 974 225 1016 eo
245 954 347 1015 officio
362 953 588 1034 designentur:
614 963 690 1016 tunc
713 956 797 1016 euim
819 974 932 1016 nomen
953 952 1191 1034 adiungendum
1211 963 1270 1033 est,

150 1044 169 1103 2
188 1050 224 1102 ut
240 1041 373 1115 eluceat,
392 1039 433 1102 de
450 1059 512 1120 quo
528 1049 658 1102 testator
673 1043 812 1102 sensisse
827 1040 986 1103 uideatur.
1035 1039 1195 1101 Codicillis
1208 1050 1274 1101 tes-

188 1136 328 1189 tamento
357 1127 549 1189 confirmatis
577 1126 669 1189 datae
697 1127 861 1189 libertates
883 1146 956 1189 cum
976 1126 1027 1187 his
1049 1144 1130 1207 quac
1155 1124 1274 1188 tabulis

188 1214 369 1275 testamenti
385 1212 477 1275 datae
493 1222 567 1275 sunt
581 1222 785 1292 concurrunt,
804 1214 920 1275 et'siue
935 1212 1123 1276 antecedant
1137 1213 1206 1274 siue
1221 1231 1274 1273 se-

189 1308 329 1379 quantur
350 1307 590 1377 testamentum‚
619 1300 791 1361 nouissimo
814 1300 880 1361 loco
901 1298 1112 1376 adhibentur,
1137 1300 1213 1378 quia
1234 1317 1274 1359 ex
1293 1307 1326 1353 to

151 1387 168 1445 3
187 1394 375 1449 testamento
395 1395 549 1465 utraeque
569 1385 805 1448 confirmantur.
854 1387 1005 1459 Quotiens
1031 1404 1186 1447 numerus
1206 1403 1274 1446 ser-

188 1491 299 1534 uorum
321 1480 451 1552 propter
465 1472 568 1551 legem
583 1471 701 1534 Fufiam
718 1472 881 1534 Caniniam
896 1469 1056 1533 ineundus
1072 1481 1130 1550 est,
1147 1471 1274 1551 fugitiui

190 1575 333 1638 quoque,
359 1576 493 1638 quorum
509 1576 635 1638 semper
655 1558 811 1637 possessio
828 1559 929 1619 animo
946 1559 1113 1635 retinetur,
1144 1576 1275 1638 compu-

153 1645 169 1704 l
189 1644 277 1706 tandi
300 1655 385 1706 sunt.
432 1646 510 1724 Lege
526 1644 610 1705 Fufia
625 1643 757 1706 Caninia
772 1654 922 1722 cauetur,
939 1655 976 1705 ut
990 1653 1096 1705 certus
1110 1663 1274 1705 seruorum

190 1749 341 1792 numerus
357 1738 544 1792 testamento
560 1731 809 1792 manumittatur.
849 1730 1022 1792 subductis
1037 1731 1134 1810 igitur
1149 1728 1274 1792 duobus
1294 1739 1327 1784 ⁴5

189 1828 291 1896 usque
307 1815 347 1878 ad
359 1814 469 1878 decem
485 1835 559 1897 pars
571 1815 715 1895 dimidia,
734 1816 872 1879 adecem
886 1835 989 1896 usque
1005 1814 1045 1878 ad
1057 1816 1188 1896 triginta
1198 1835 1274 1896 pars

190 1904 296 1981 tertia,
315 1923 336 1964 o
347 1903 472 1984 triginta
486 1921 589 1983 usque
605 1900 645 1965 ad
666 1912 793 1964 centum
809 1921 882 1982 pars
898 1912 1021 1983 quarta,
1041 1923 1058 1964 a
1074 1911 1202 1964 eentum
1217 1921 1274 1964 us-

190 2007 253 2068 que
270 1987 310 2050 ad
326 1989 516 2069 quingentos
530 1999 605 2071 par's
620 1990 742 2068 quinta.
790 1989 898 2068 plures
914 1998 1018 2050 autem
1035 2007 1131 2069 quam
1147 1998 1274 2051 centum

190 2095 231 2137 ex
245 2076 356 2137 maiori
371 2094 504 2136 numero
520 2094 683 2136 seruorum
699 2075 878 2137 manumitti
893 2094 955 2136 non
971 2075 1054 2135 licet.

689 2261 773 2345 [xm]
1294 2274 1327 2318 ao

276 2385 340 2446 Nec
361 2384 424 2445 filio
447 2384 572 2464 patroni
598 2384 699 2445 inuito
722 2382 857 2445 libertus
878 2382 1038 2446 natalibus
1059 2385 1126 2444 suis
1149 2385 1274 2445 restitui

190 2479 330 2617 potest?
345 2469 423 2550 quid
450 2471 534 2531 enim
561 2470 694 2532 interest
721 2470 782 2550 ipsi
808 2480 938 2550 patrono
965 2489 1004 2530 an
1032 2468 1104 2530 tiliis
1130 2473 1199 2532 eius
1221 2470 1275 2532 liat

190 2576 308 2619 iniurra

579 2794 692 2875 arnan
719 2814 885 2888 Qunrvs

546 2952 564 3034 [ι
607 2971 645 3014 nn
669 2971 800 3025 mennam
821 2951 920 3034 clusa]
1084 3021 1085 3024 Ἴ
1294 2961 1328 3007 aa

155 3074 167 3132 l
279 3074 339 3147 Qui
359 3073 622 3153 contemplatione
645 3083 806 3135 extremae
821 3072 1020 3134 necessitatis
1041 3081 1095 3133 aut
1110 3071 1276 3134 alimento·
1340 3085 1343 3091 ’

192 3178 263 3221 rum
279 3161 381 3240 gratia
402 3158 482 3220 filios
497 3178 570 3221 suos
584 3158 809 3239 uendiderint,
833 3159 928 3220 statui
944 3159 1151 3238 ingenuitatis
1166 3177 1276 3220 eorum

192 3265 254 3308 non
270 3244 504 3326 praeiudicant:
531 3246 624 3307 homo
645 3246 727 3307 enim
750 3245 834 3307 liber
853 3245 940 3306 nullo
955 3244 1055 3324 pretio
1077 3245 1273 3307 aestimatur.

192 3332 278 3394 idem
293 3350 353 3393 nee
373 3332 502 3411 pignori
523 3330 565 3393 ab
587 3332 637 3393 his
657 3340 711 3392 aut
732 3331 866 3393 fiduciae
887 3331 956 3393 dari
978 3339 1127 3411 possunt:
1152 3349 1192 3391 ex
1213 3349 1275 3411 quo

193 3417 273 3480 facto
289 3419 392 3480 sciens
407 3416 545 3479 creditor
559 3417 754 3498 deportatur.
801 3435 916 3497 operae
932 3425 1037 3482 tamen
1054 3435 1163 3478 corum
1178 3416 1274 3477 locari
1295 3424 1328 3469 3⁰

192 3716 229 3777 ὀ,
251 3661 357 3789 tud?
371 3657 490 3787 'deo’
507 3659 576 3717 tt‚t
607 3656 618 3720 11
649 3662 673 3720 t,
689 3662 698 3705 t
715 3671 742 3707 tt.
756 3657 872 3708 attidem
887 3694 893 3708 .
908 3695 914 3708 .
928 3695 934 3707 .
950 3661 981 3706 tt
995 3657 1198 3721 deportatur=
1212 3655 1272 3719 Dig.

229 3764 235 3787 ,
269 3767 276 3790 ,
329 3741 388 3776 tet.

196 3848 242 3862 m.

262 3952 422 4002 anascetur
435 3949 561 4009 Huschke,
581 3950 702 3999 nascitur
714 3951 812 4000 codices
841 3949 851 4013 ΙΙ
883 3953 912 3998 tt
931 3947 1075 3999 adhibetur
1087 3948 1137 3999 Mt
1166 3947 1177 4010 11
1209 3951 1275 3998 tta

192 4021 302 4084 triginta
315 4033 364 4069 om.
380 4020 478 4068 codices
524 4017 535 4082 ΙΙ
582 4021 614 4067 28
631 4018 910 4083 praeiudicatcodicea
950 4016 961 4080 ΙΙ
1002 4016 1078 4067 nullo
1090 4017 1121 4080 t,
1135 4016 1204 4067 nulli
1216 4016 1275 4067 dari

197 4088 271 4153 (dare
286 4088 334 4152 ΜΕ)
350 4087 424 4137 nullo
439 4088 468 4136 M
504 4087 514 4151 ΙΙ
552 4090 585 4137 29
603 4087 696 4137 idem.
713 4125 719 4138 .
737 4125 743 4138 .
758 4092 789 4136 3⁰
804 4085 969 4152 deportatur]
982 4086 1110 4149 creditor,
1125 4087 1173 4150 qui
1185 4087 1278 4138 sciens

192 4158 280 4209 fllium
291 4156 408 4207 familias
419 4171 435 4206 a
446 4160 558 4220 parente
569 4158 675 4222 plgnori
688 4159 803 4221 accepit,
817 4157 951 4219 relegatur
962 4156 1022 4219 uta.
