3010 4738
230 337 303 387 eaor.
320 337 366 397 111,
381 339 405 385 a.
422 338 452 385 t·
620 367 707 381 .-.
750 333 790 395 32
834 368 920 380 .-

579 521 624 604 [ru
667 542 704 584 nn
726 542 798 585 enon
822 523 955 603 alerius]

315 647 370 723 Ea,
389 645 515 725 quaein
528 642 673 706 fraudem
688 645 813 724 patroni
829 664 848 706 a
862 641 975 705 liberto
990 640 1219 723 quoquomodo
1235 642 1313 704 alie-

230 740 304 795 nata
326 740 417 808 sunt,
442 729 578 792 Fabiana
600 728 733 792 formula
747 739 810 792 4444
827 727 867 791 ab
890 731 957 810 ipso
974 737 1104 809 patrono
1126 746 1222 808 quarn
1239 747 1256 790 a
1271 727 1313 787 li-

230 817 316 880 beris
331 819 400 879 eius
416 826 615 878 reuocentur.

585 1020 642 1102 [iva
686 1039 723 1082 nn
745 1021 948 1102 rusciuurms]
1332 1032 1347 1077 5

196 1143 207 1202 4
315 1143 549 1205 Testamentum
557 1140 662 1203 lacere
674 1151 806 1222 possunt
817 1141 948 1204 masculi
955 1149 1025 1220 post
1038 1140 1202 1220 impletum
1215 1159 1314 1219 quar-

194 1230 213 1290 8
231 1239 298 1291 tum
313 1228 472 1291 decimum
488 1246 620 1304 annum,
640 1225 775 1290 laminae
791 1237 861 1308 post
876 1224 1110 1288 duodecimum.
1150 1226 1314 1307 Spadones

232 1335 268 1377 oo
287 1325 429 1396 tempore
452 1321 676 1376 testamentum
698 1313 802 1375 lacere
824 1323 973 1394 possunt,
1000 1331 1063 1393 quo
1083 1313 1229 1393 plerique
1251 1332 1314 1393 pu-

193 1401 211 1461 3
231 1400 375 1479 bescunt,
394 1399 491 1461 idest
511 1417 666 1460 annorum
681 1398 791 1461 decem
807 1409 838 1461 et
853 1409 933 1461 octo.
972 1398 1070 1460 Filius
1086 1398 1238 1476 familias,
1257 1401 1314 1479 qui

230 1488 396 1565 militauit,
423 1485 463 1548 de
485 1486 637 1546 castrensi
659 1485 784 1565 peculio
804 1495 867 1548 tam
890 1484 1049 1546 communi
1071 1486 1313 1565 quamproprie
1334 1497 1367 1540 to

231 1576 300 1637 iure
316 1580 538 1634 testamentum
556 1569 658 1632 facere
674 1579 786 1652 potest.
812 1581 971 1633 castrense
988 1573 1072 1631 enim
1088 1570 1248 1651 peculium
1265 1582 1313 1632 est

231 1657 317 1741 quod
333 1659 366 1718 in
389 1657 501 1720 castris
516 1656 697 1737 adquiritur
712 1657 764 1718 uel
780 1656 865 1737 quod
880 1656 1090 1738 proficiscenti
1113 1656 1153 1718 ad
1169 1657 1312 1718 militiam

195 1745 212 1803 4
231 1746 337 1808 datur.
378 1743 497 1805 Caecus
519 1750 743 1804 testamentum
766 1742 869 1805 lacere
898 1753 1012 1822 potest,
1034 1744 1110 1823 quia
1132 1744 1233 1804 accire
1255 1763 1314 1823 pc·

231 1839 293 1892 test
316 1827 473 1892 adhibitos
494 1837 592 1891 testes
617 1837 649 1891 et
676 1828 787 1892 audire
814 1828 873 1890 sibi
899 1829 1113 1890 testimoninm
1140 1827 1314 1909 perhiben-

183 1917 215 1974 t·
232 1927 290 1978 tes.
316 1916 394 1988 *Qui
411 1933 522 1976 manus
537 1916 652 1993 amisit,
672 1923 895 1978 testamentum
912 1914 1014 1976 facere
1029 1924 1148 1995 potest,
1167 1918 1314 1995 quamuis
1335 1927 1366 1972 ts

195 2000 391 2064 5⁴“saribere
414 2020 476 2062 non
497 2000 627 2081 possit*
671 2002 818 2064 Furiosus
841 2011 982 2082 tempore
1005 2001 1177 2062 intermissi
1200 2000 1314 2063 luroris

196 2090 214 2147 6
231 2096 456 2150 testamentum
472 2085 574 2149 lacere
589 2096 704 2168 potest.
742 2084 800 2149 *Et
815 2088 958 2165 mulieri,
985 2106 1067 2167 quae
1086 2087 1248 2149 luxuriose
1263 2089 1315 2150 ni-

196 2173 214 2234 7
232 2173 309 2252 *uit,
327 2172 412 2236 bonis
425 2172 570 2235 interdici
582 2173 719 2254 potest*
740 2173 877 2237 Moribus
893 2192 951 2254 per
966 2183 1143 2255 praetorem
1158 2173 1250 2235 bonis
1263 2176 1315 2235 in-

232 2259 399 2322 terdicitur
410 2260 468 2322 hoc
480 2259 588 2321 modo:
608 2278 726 2331 evauno
743 2279 801 2321 run
816 2279 893 2323 noua
908 2279 1038 2322 risuum
1052 2277 1193 2330 44444444
1211 2279 1315 2331 44444-

232 2366 281 2408 ru
301 2366 356 2407 rvi
378 2364 527 2408 nisrrums
549 2363 726 2417 urnnnosoru
746 2365 818 2408 rros
841 2365 879 2406 io
900 2364 1066 2408 consummi
1089 2363 1249 2423 annovam,
1277 2366 1314 2409 oo
1335 2356 1366 2400 20

196 2434 215 2493 8
233 2452 290 2496 nu
311 2452 367 2496 nun
384 2452 442 2493 urm
464 2451 501 2494 nn
517 2451 552 2492 nu
574 2450 798 2504 consumentu
821 2451 989 2493 iurunoroo.
1029 2433 1089 2506 Qui
1108 2430 1149 2493 ab
1172 2431 1316 2494 hostibus

234 2529 345 2600 captus
360 2528 418 2598 est,
437 2527 661 2581 testamentum
677 2519 769 2598 quasi
779 2536 894 2579 seruus
905 2517 1009 2580 facere
1021 2537 1084 2580 non
1096 2528 1209 2599 potest.
1239 2537 1315 2580 sane

233 2605 319 2669 ualet
340 2613 563 2666 testamentum
587 2603 619 2665 id
636 2603 721 2684 quod
742 2614 815 2665 ante
831 2605 1046 2683 captiuitatem
1067 2604 1264 2681 factumest,
1289 2607 1316 2666 si

235 2699 425 2768 reuertatur,
445 2691 513 2752 iure
528 2689 730 2771 postliminii,
749 2699 803 2751 aut
818 2691 846 2750 si
861 2689 980 2752 ibidem
996 2689 1144 2768 decedat,
1163 2689 1316 2757 beneficio

234 2777 314 2857 legis
330 2775 510 2854 Corneliae,
536 2795 599 2857 qua
622 2777 691 2856 lege
715 2778 809 2838 etiam
832 2776 991 2856 legitimae
1015 2777 1132 2840 tutelae
1154 2776 1317 2839 heredita·
1336 2786 1368 2831 ²5

197 2864 216 2921 8
235 2873 346 2942 tesque
361 2861 538 2923 firmantur.
584 2863 620 2923 ln
635 2862 772 2924 insulam
787 2861 944 2940 relegatus
961 2873 992 2924 et
1008 2864 1039 2924 in
1059 2882 1138 2944 opus
1153 2862 1316 2943 publicum

236 2946 277 3010 ud
298 2957 424 3027 tempus
439 2946 619 3026 damnatuS,
647 2949 722 3026 quia
737 2947 875 3009 retinent
896 2950 1075 3027 ciuitatem,
1093 2958 1315 3011 testamentum

178 3034 217 3094 40
237 3032 339 3095 444444
355 3042 487 3111 possunt
503 3043 534 3094 et
548 3052 589 3093 ex
603 3042 790 3095 testamento
805 3052 929 3112 capere.
963 3035 1069 3097 Plures
1084 3055 1179 3115 quam
1194 3047 1316 3116 septem

243 3187 410 3209 mtwuwvvnswm
421 3187 618 3200 wmsmtvxmvmm
629 3190 634 3199 ι
647 3188 651 3195 1
661 3187 848 3199 ,xsvwvmmmsm
857 3187 961 3199 'mmmmm
972 3190 984 3201 u
997 3189 1008 3200 ,x
1021 3190 1034 3201 r(
1054 3192 1065 3201 .,
1076 3192 1084 3201 J
1098 3191 1121 3199 ψ
1140 3191 1169 3201 ,m
1181 3192 1185 3199 l

238 3330 268 3374 ⁴⁰
295 3255 654 3374 4454,44.τ1)49.88,4,44
694 3257 705 3319 ll
746 3257 1093 3317 448444444444444444.
1112 3261 1176 3307 4408
1197 3259 1256 3322 444.
1273 3262 1315 3319 47,

273 3363 278 3386 ,
335 3338 379 3387 pr.

237 3450 243 3458 1
247 3446 283 3459 Qu
288 3448 299 3455 n
310 3444 448 3459 quw-vx«
452 3445 466 3456 V
470 3444 1163 3461 'AVXANVVVVWWVVNANWWVMVWVMVMVWWWXWVMM
1167 3448 1195 3462 VM
1199 3447 1244 3460 Nsxsxt
1248 3448 1260 3460 v
1266 3448 1317 3462 νυὶΛ

309 3536 318 3579 4
342 3530 407 3594 lege]
422 3529 537 3580 formula
551 3529 684 3595 Schulllap
712 3531 723 3593 ΙΙ
761 3535 851 3593 'lpoat
862 3532 1054 3583 duodecimum
1069 3533 1317 3595 montispessulanae

239 3603 264 3652 H
274 3602 305 3649 84
325 3605 349 3650 44
365 3601 502 3651 Vaticanus
518 3603 583 3647 4443
603 3601 702 3651 adduct
719 3600 801 3651 habet
818 3602 845 3650 in
864 3600 935 3650 libro
953 3603 1042 3651 tutore
1059 3605 1178 3661 auctore,
1199 3604 1265 3666 qood
1283 3617 1317 3652 444

236 3672 388 3736 pleromate
404 3671 494 3719 uenire
511 3671 589 3718 etiam
606 3670 666 3718 4444
683 3671 819 3733 corripitur,
839 3671 906 3732 quod
923 3672 1071 3720 illioodiccs
1083 3671 1213 3721 aliusnon
1226 3673 1318 3721 444444

237 3742 288 3790 aiei
300 3740 411 3789 Paulam
428 3738 629 3800 Wisipcthoram
657 3739 667 3801 l}
705 3743 731 3787 44
754 3738 834 3802 enim]
850 3741 941 3789 autem
955 3739 1096 3789 8444444444
1130 3740 1140 3803 ΙΙ
1177 3744 1207 3788 43
1226 3742 1317 3791 accire

241 3808 370 3867 04444444,
384 3808 455 3857 scire
467 3807 525 3865 llll,
545 3806 652 3857 adscire
664 3808 725 3858 dett.
768 3808 779 3870 ll
820 3811 850 3856 tr
867 3814 926 3870 post
938 3811 1026 3873 potest
1036 3809 1168 3858 rubricam
1180 3809 1214 3859 de
1227 3824 1259 3860 eo
1272 3812 1316 3859 eui

237 3876 362 3927 moribus
373 3876 546 3926 interdicitur
556 3878 605 3925 444.
620 3876 718 3926 codices
758 3876 769 3938 ll
810 3879 837 3925 et
849 3878 921 3940 Dip„
940 3891 990 3926 om.
1007 3878 1035 3935 4,
1055 3878 1086 3926 44
1098 3879 1118 3926 Α
1131 3883 1155 3928 44
1168 3879 1253 3928 Paris.
1266 3891 1318 3927 444

237 3951 337 3996 coastat
365 3946 377 4008 ΙΙ
405 3946 484 4010 quil
526 3945 537 4005 ll
579 3947 609 3992 48
629 3943 708 3994 bonis
723 3945 790 4007 (ante
803 3946 938 4006 interdicit
957 3946 1086 4006 Calactae,
1107 3946 1230 3997 moribus
1243 3949 1272 4008 4,
1287 3949 1318 3996 de

237 4014 568 4064 Aetrarrsooaoootat
607 4013 618 4075 ΙΙ
659 4017 690 4062 84
711 4016 771 4063 tuos
783 4015 819 4072 lll,
840 4016 924 4064 4444
965 4015 975 4079 ΙΙ
1017 4018 1044 4062 44
1068 4028 1099 4064 ea
1118 4029 1147 4064 re
1164 4016 1315 4075 Sioltardus,

239 4084 349 4141 ceredi,
369 4083 454 4132 4444
495 4084 506 4146 ΙΙ
547 4080 730 4146 §Srubricam
742 4083 806 4133 item
822 4086 892 4146 (item
906 4098 954 4133 orn.
972 4084 1000 4145 4)
1016 4083 1050 4133 de
1062 4086 1227 4134 testamentis
1237 4097 1319 4147 prac-

237 4153 342 4201 44444444
353 4153 451 4201 codices
465 4177 467 4183 ·
479 4151 489 4211 ΙΙ
518 4154 548 4200 87
569 4152 674 4214 quial,
690 4153 737 4216 qui
751 4153 780 4202 Μ
