3006 4736
593 362 894 420 „45-

201 552 328 612 sematis
343 550 677 629 interpretamentisue
694 546 919 629 posterioribus
942 557 1033 608 enata
1054 557 1140 610 sunt.
1173 566 1213 607 ex
1233 565 1287 607 co-

201 636 325 700 dicibus
352 654 447 716 supra
476 634 611 697 laudatis
640 636 707 715 ipse
734 634 851 696 contuli
874 635 898 693 L
919 636 947 692 Ε
966 635 1175 694 Parisiensem
1202 634 1285 693 ll09

200 725 299 785 Vatic.
319 742 385 802 reg.
407 722 506 783 l050:
521 722 692 783 Bemensis
713 720 908 781 collationem
924 718 1105 780 liberalitati
1116 720 1286 780 Hermanni

201 811 308 890 Hagen
335 808 451 886 debeo,
488 808 682 888 reliquorum
708 808 860 869 lectiones
891 825 930 865 ex
965 805 1107 866 Haenelii
1133 814 1286 885 apparatu

203 896 350 975 repetiui.

287 980 336 1042 Ad
358 999 411 1041 eas
432 980 572 1059 denique
588 979 779 1056 sententias,
804 996 883 1058 quas
899 977 982 1038 solae
997 974 1198 1055 Appendices
1213 978 1286 1056 Legi

202 1069 357 1128 Romanae
379 1066 624 1146 Wisigotharum
647 1067 679 1125 iu
710 1064 870 1125 nonnullis
898 1061 1060 1125 codicibus
1084 1060 1225 1122 adnexae
1248 1082 1287 1123 ex

203 1156 326 1232 integro
338 1171 434 1232 opere
451 1161 612 1231 excerptas
625 1151 754 1223 habeut,
772 1169 844 1212 cum
860 1150 916 1211 has
927 1147 1131 1228 Appendices
1147 1166 1286 1208 seorsum

204 1239 348 1300 editurus
365 1240 439 1317 sim,
459 1237 616 1299 delectum
631 1238 791 1298 uariarum
807 1237 976 1296 lectionum
993 1233 1083 1295 dedi:
1112 1232 1287 1312 eodemque

203 1325 294 1387 modo
318 1326 458 1405 reliquos
481 1325 709 1385 sententiarum
732 1332 876 1383 auctores
898 1320 1040 1382 adhibui.
1080 1320 1190 1399 paucis
1212 1319 1287 1381 locis

202 1411 243 1472 ad
259 1430 367 1472 ueram
390 1411 555 1472 lectionem
576 1408 805 1470 restituendam
827 1416 969 1469 ueterem
986 1406 1216 1467 sententiarum
1237 1405 1288 1464 in-

204 1499 478 1578 terpretationem,
498 1514 580 1575 quae
596 1498 688 1574 Legis
703 1497 860 1555 Romanae
876 1494 987 1572 Wisig.
1005 1502 1127 1572 partem
1143 1490 1233 1568 facit,
1254 1492 1286 1551 in

203 1583 381 1646 subsidium
397 1583 520 1644 uocaui.

288 1668 392 1749 Atque
414 1679 450 1730 ut
465 1678 631 1748 appareat,
656 1666 742 1728 unde
758 1666 901 1746 singulae
924 1665 1099 1726 sententiae
1123 1664 1286 1725 restitutae

202 1758 283 1832 sint,
308 1759 341 1817 in
357 1755 556 1817 adnotatione
572 1755 753 1834 superiore,
778 1753 883 1832 siqui
909 1761 1037 1830 praeter
1062 1753 1175 1830 Legem
1196 1750 1284 1810 Rom.

202 1844 313 1923 Wisig.
329 1843 558 1903 sententiarum
570 1849 712 1901 auctores
724 1849 843 1914 extant,
859 1857 912 1898 eos
924 1835 1068 1914 laudabo,
1088 1838 1121 1897 in
1138 1845 1287 1896 contextu

168 1950 171 1957 ’
203 1939 309 2009 autem
331 1929 417 1989 Pauli
444 1927 614 1989 uerborum
641 1928 763 2003 omnia,
793 1943 874 2004 quae
902 1925 934 1983 iu
957 1925 1038 2002 Lege
1059 1924 1146 1983 Rom,
1173 1923 1285 2002 Wisig.

204 2016 318 2075 omissa
333 2023 417 2090 sunt,
436 2014 569 2074 stellulis
586 2013 855 2091 circumsaepiam.

290 2100 395 2159 Restat
410 2108 445 2159 ut
462 2098 501 2159 de
518 2099 608 2159 titulo
624 2099 728 2177 operis
745 2116 844 2177 pauca
859 2112 1130 2176 praemoneamus
1149 2096 1182 2153 in
1194 2094 1288 2172 Dige-

204 2186 261 2244 stis
277 2185 446 2245 Gollatioue
462 2182 700 2263 Appendicibus
715 2184 795 2262 Lege
811 2183 947 2242 Romana
962 2178 1223 2259 Burgundionum
1239 2180 1289 2240 ci-

205 2280 312 2331 tantur
334 2271 423 2330 Pouli
443 2271 661 2330 sententiarum
684 2268 735 2329 lib.
760 2270 779 2328 Ι
791 2277 870 2342 etc,
902 2285 1037 2346 quocum
1062 2266 1288 2327 Consultationi

204 2375 331 2436 quoque
350 2356 514 2433 conuenit,
539 2357 601 2416 nisi
625 2353 710 2433 quod
726 2355 803 2415 haec
826 2355 924 2415 semel
953 2352 992 2433 (t,
1013 2351 1043 2434 6)
1070 2354 1288 2414 sententiarum

205 2451 394 2523 recepturum
421 2442 547 2502 titulum
576 2440 694 2502 laudat.
733 2442 764 2500 in
791 2441 952 2520 plerisque
979 2440 1068 2519 Legis
1090 2439 1177 2500 Rom.
1204 2438 1284 2500 Wis

205 2527 368 2591 codicibus
391 2526 470 2588 libro
486 2528 497 2586 l
514 2527 728 2607 praemittitur
743 2527 795 2587 hic
814 2528 925 2587 titulus
942 2525 1031 2586 Pauli
1048 2526 1285 2586 sententiarum:

205 2625 235 2675 at
251 2617 283 2675 in
300 2613 406 2675 codice
422 2616 449 2674 E
462 2623 493 2674 et
509 2615 540 2674 in
556 2612 743 2673 Rosambino
759 2613 875 2693 legitur
897 2613 955 2673 tuta·
965 2612 1056 2692 pacti
1069 2612 1287 2672 sententiarum

205 2701 245 2762 od
263 2702 376 2781 filium,
397 2719 532 2780 quocum
556 2700 757 2760 consentiunt
778 2699 941 2777 inscriptio
964 2696 1039 2758 libri
1054 2698 1094 2756 lll
1117 2698 1149 2756 in
1166 2698 1197 2763 L¹
1210 2697 1288 2758 alio·
1381 2751 1384 2758 ,

204 2806 338 2868 rumque
355 2786 497 2871 codicum
512 2786 744 2865 inscriptiones,
764 2804 842 2864 quas
858 2784 976 2845 Haenel
994 2785 1025 2844 in
1043 2782 1180 2844 editione
1197 2784 1288 2862 Legis

203 2874 291 2934 Rom,
310 2874 387 2933 Wls.
413 2892 445 2952 p.
464 2873 526 2931 338
549 2873 633 2932 citat.
652 2871 704 2931 hic
720 2872 830 2932 titulus
847 2871 924 2952 quin
941 2870 1099 2951 genuinus
1114 2871 1172 2948 sit,
1190 2868 1288 2929 dubi-

203 2961 263 3020 tari
279 2961 335 3021 uix
350 2969 463 3039 potest.
494 2968 600 3018 contra
612 2957 799 3018 uocabulum
816 2965 1016 3037 recepturum,
1038 2955 1123 3035 quod
1135 2965 1165 3016 et
1181 2956 1287 3036 ipsum

204 3056 282 3107 teste
299 3046 449 3106 Haenelio
478 3046 510 3105 in
531 3044 696 3123 nonnullis,
715 3045 806 3123 Legis
826 3044 980 3104 Romanae
1007 3040 1168 3103 codicibus
1190 3040 1284 3119 redit,

205 3134 377 3212 genuinum
399 3150 462 3192 nou
485 3150 553 3192 esse
577 3129 644 3191 sere
660 3149 768 3190 omnes
791 3131 853 3191 uiri
876 3128 958 3190 docti
975 3128 1068 3189 hodie
1085 3129 1287 3188 consentiunt

205 3219 328 3278 etmihi
345 3235 470 3297 quoque
485 3235 674 3297 persuasum
691 3226 749 3276 est.

502 3516 504 3520 >
566 3491 594 3538 M
605 3511 636 3533 =
650 3491 820 3539 Monacensis
833 3490 855 3538 D
869 3492 883 3537 Ξ

565 3560 585 3609 L
606 3579 638 3602 =
651 3560 811 3608 Parisiensis
824 3560 890 3606 ll⁰3

565 3628 584 3675 A
607 3648 638 3670 =
652 3626 853 3677 Aurelianensis
866 3630 913 3674 207

569 3696 588 3746 E
606 3716 637 3739 =
650 3695 842 3760 Eporedlensls
854 3699 884 3745 at
