3010 4738
243 368 303 434 le.
320 369 392 420 Paul.
624 403 708 414 --
757 369 817 431 160
859 403 946 414 ..-

370 563 506 619 Boethius
529 565 557 618 iu
573 564 677 634 Topica
696 568 724 635 3,
747 567 762 621 l
791 557 896 640 (Baiter
910 579 939 634 p.
961 557 1030 638 299)
1058 579 1094 618 ex
1109 563 1218 633 leiani
1233 563 1283 616 ln·

285 648 559 791 {ffitptipfflpuou
582 650 619 705 ad
641 650 742 719 uerba,
769 650 819 705 sed
840 651 972 720 magistu
988 649 1105 706 modum
1121 650 1280 719 argument-i

327 882 440 946 Tribus
461 884 546 946 enim
568 884 670 946 modis
689 904 769 947 uxor
783 883 978 964 habebatur,
1000 903 1062 946 usu
1076 884 1179 955 farreo
1194 902 1323 963 coemp-

240 971 335 1032 tione.
377 969 433 1032 sed
449 969 656 1032 confarreatio
672 972 746 1033 solis
760 971 963 1051 pontificibus
978 969 1199 1032 conueniebat.
1239 987 1320 1049 quae

239 1064 345 1117 autem
361 1058 393 1116 in
409 1076 537 1118 manum
552 1076 612 1138 per
627 1057 856 1138 coemptionem
873 1065 1098 1132 conuenerant,
1117 1074 1173 1117 eae
1189 1064 1321 1116 matres-

239 1140 373 1204 familias
402 1142 615 1205 uocabantur:
648 1162 730 1223 quae
755 1162 833 1204 uero
858 1163 920 1206 usu
945 1143 996 1204 uel
1025 1141 1144 1221 farreo,
1177 1142 1315 1202 minime.
1374 1187 1386 1205 .

239 1230 391 1309 coemptio
410 1248 487 1290 uero
508 1230 604 1292 certis
625 1229 888 1292 sollemnitatibus
904 1227 1132 1310 peragebatur,
1155 1238 1187 1289 et
1202 1247 1271 1289 sese
1287 1230 1319 1288 in

239 1314 408 1382 coemendo
434 1315 572 1377 inuicem
599 1315 853 1396 interrogabant:
886 1317 937 1378 uir
952 1317 1023 1395 ita,
1052 1333 1092 1375 an
1119 1313 1179 1376 sibi
1205 1314 1320 1375 mulier

238 1400 473 1463 materfamilias
489 1420 558 1462 esse
573 1401 693 1463 uellet‘l
731 1402 783 1463 illa
800 1401 1013 1482 respondebat
1027 1402 1128 1462 uelle:
1154 1401 1229 1461 item
1246 1419 1317 1461 mu-

237 1487 297 1547 lier
313 1486 536 1567 intermgabat‚
561 1505 601 1547 an
624 1487 675 1548 uir
697 1488 758 1549 sibi
782 1487 1008 1568 paterfamilias
1023 1506 1093 1549 esse
1108 1486 1228 1548 uellet‘l
1265 1486 1317 1547 ille

238 1571 450 1652 respondebat
466 1573 560 1634 uelle.
586 1574 693 1653 itaque
708 1574 824 1635 mulier
835 1574 896 1636 uiri
908 1572 1118 1635 conueniebat
1129 1574 1163 1633 in
1176 1590 1314 1650 manum,

237 1666 269 1718 et
283 1657 479 1720 uocabantur
494 1659 553 1719 hae
568 1661 698 1737 nuptiae
713 1678 772 1740 per
788 1661 1036 1740 coemptionem,
1062 1670 1093 1721 et
1115 1668 1183 1720 erat
1203 1659 1318 1720 mulier

237 1743 472 1805 materfamilias
493 1744 563 1805 uiro
584 1745 651 1805 loco
673 1744 766 1806 filiae.
813 1764 908 1826 quam
931 1745 1172 1806 sollemnitatem
1195 1745 1227 1805 in
1251 1745 1317 1806 suis

236 1830 389 1891 institutis
404 1831 557 1910 leianus
572 1831 711 1912 exponit.

364 2126 546 2199 spicilegium
568 2127 748 2185 Solesmense
771 2128 818 2185 ed.
837 2129 912 2184 Pitra
927 2129 939 2183 l
953 2145 985 2200 p.
1005 2133 1059 2187 281
1088 2130 1163 2184 inter
1180 2128 1272 2183 Pacati

277 2220 412 2284 excerpta
426 2214 505 2270 hunc
519 2215 614 2271 locum
629 2214 744 2270 aliunde
760 2230 817 2270 uon
833 2219 933 2271 notum
943 2210 962 2289 1)
984 2213 1116 2270 exhibet:

318 2364 471 2445 leianus
486 2363 598 2445 libr02)
620 2362 660 2425 ad
676 2334 813 2425 edictum
829 2373 918 2425 sexto
934 2363 989 2443 qui
1001 2382 1058 2443 pro
1070 2363 1192 2425 aliisue
1204 2372 1315 2442 postu-

232 2449 298 2510 lent
313 2449 404 2511 titulo
419 2460 507 2512 sexto
523 2450 568 2511 sic
585 2448 700 2511 refert:
730 2451 915 2511 lnuenimus
929 2449 1013 2530 apud
1029 2459 1156 2510 ueteres
1173 2449 1314 2510 mulieris

232 2536 442 2616 appellatione
457 2536 551 2598 etiam
566 2536 706 2615 uirgines
714 2536 734 2618 ³)
756 2537 922 2598 contineri.

573 2826 684 2890 PAVLl
706 2827 969 2890 FRAGMENTVM

317 2948 431 3035 Paulus
453 2948 668 3009 institutorum
691 2949 773 3009 libro
788 2948 928 3010 secundo
943 2947 1034 3009 titulo
1050 2945 1090 3008 de
1107 2946 1244 3008 dotibus.
1278 2947 1311 3010 Si

230 3031 402 3094 diuortium
424 3043 471 3094 est
494 3035 684 3095 matrimonii
706 3044 736 3095 et
757 3035 815 3095 hoc
838 3037 907 3096 sine
929 3034 1021 3113 culpa
1038 3033 1180 3094 mulieris
1195 3032 1311 3095 factum

229 3126 288 3198 est,
306 3117 363 3179 dos
379 3119 500 3198 integra
516 3128 688 3199 repetetur.
722 3118 807 3198 quod
821 3121 848 3180 si
864 3120 957 3200 culpa
972 3121 1116 3180 mulieris
1132 3117 1247 3181 factum
1263 3128 1312 3181 est

228 3205 411 3282 diuortium,
438 3205 471 3265 in
493 3205 633 3285 singulos
648 3204 767 3266 liberos
781 3215 869 3266 sexta
884 3224 959 3286 pars
975 3205 1088 3267 dotisa
1105 3206 1217 3266 marito
1232 3206 1311 3266 reti-

227 3301 324 3353 netur
339 3309 440 3369 usque
456 3289 496 3351 ad
512 3289 648 3351 mediam
663 3300 784 3372 partem
801 3291 965 3353 dumtaxat
981 3291 1072 3352 dotis.

356 3451 415 3506 lloc
430 3451 508 3506 Pauli
530 3450 720 3521 fragmentum
742 3454 771 3506 in
786 3452 894 3508 Boethii
917 3452 1122 3508 commentario
1138 3451 1174 3507 ed
1190 3451 1262 3521 Top.

272 3543 300 3607 t,
323 3542 350 3606 l,
375 3543 410 3594 19
432 3529 528 3612 {Orelli
545 3552 573 3607 p.
595 3531 665 3607 303)
685 3543 832 3594 seruatum
848 3544 901 3594 est.

253 3807 371 3821 vulstvvwv
379 3808 386 3819 l
395 3808 401 3819 J
410 3810 432 3820 [J
441 3808 450 3819 l
458 3808 495 3819 lav
504 3806 623 3820 Ιαψλανυν
635 3806 751 3817 ravanam]
762 3808 782 3817 ω
794 3808 798 3816 1
808 3808 829 3817 tiu
840 3805 1305 3819 [suvmduxl·NuW=thtvaAMAm

295 3910 312 3975 1)
334 3912 367 3974 cs.
382 3912 441 3975 Dlp.
457 3916 498 3972 to,
516 3915 556 3973 lo,
573 3913 602 3958 ⁴3
613 3922 656 3972 pr.
678 3915 703 3960 ct
720 3911 846 3974 Boeotiop
863 3912 963 3973 l'lptoui
972 3912 1121 3975 fropmeuta
1133 3912 1173 3960 ed.
1190 3913 1242 3971 lp.
1259 3914 1305 3958 ⁴77

224 3978 242 4043 2)
264 3980 334 4031 liber
350 3980 381 4047 G*
402 3977 421 4042 3)
443 3981 571 4030 mulieres
584 3993 609 4030 a.
625 3993 648 4031 e.
661 3979 775 4042 uirginis
791 3980 810 4030 C
