3006 4736
593 387 677 400 ...-
721 354 761 418 25
806 390 891 402 .....
1175 359 1233 423 le.
1248 362 1280 408 44

203 543 399 604 Latinitatem
421 544 641 622 consequitur,
674 543 759 624 quod
782 563 844 605 non
866 545 988 625 proficit
1010 547 1050 607 ad
1072 545 1281 609 hereditatem

165 627 183 686 9
202 626 398 709 capiendam.
438 628 565 690 Alienos
580 648 689 691 seruos
704 629 840 692 heredes
861 631 1025 692 instituere
1048 652 1214 713 possumus
1230 653 1283 696 eos

202 722 332 793 tantum,
353 733 485 794 quorum
501 734 572 777 0444
589 714 725 777 dominis
740 718 921 778 testamenti
937 716 1100 780 4404404044
1114 718 1279 782 habemus.

147 798 183 858 40
204 800 384 862 Communis
406 819 519 863 seruus
548 820 620 863 oum
641 801 788 864 libertate
810 811 895 864 reete
918 801 1049 882 quidem
1076 805 1167 867 heres
1189 807 1282 868 insti-

184 888 304 948 'tuitur
319 887 408 966 quasi
422 888 570 967 proprius
592 906 651 967 pre
664 897 754 969 parte
776 898 898 950 nostra:
917 890 985 951 sine
1008 888 1155 951 libertate
1177 900 1282 954 autem
1301 904 1315 949 5

147 970 179 1029 44
204 973 294 1053 quasi
323 972 446 1035 alienus
467 982 597 1053 propter
618 975 694 1036 sooii
725 983 856 1054 partem.
902 975 1049 1055 Proprius
1075 994 1188 1037 seruus
1211 997 1280 1039 cum

204 1058 349 1120 libertate
379 1059 474 1121 heres
499 1062 664 1122 institutus
691 1062 717 1121 si
748 1060 878 1140 quidem
900 1061 933 1121 in
961 1060 1073 1123 eadem
1094 1080 1188 1124 eausa
1209 1082 1284 1143 per-

205 1147 364 1223 manserit,
392 1165 432 1206 ex
454 1155 641 1207 testamento
663 1146 745 1207 liber
766 1157 798 1208 et
820 1147 914 1207 heres
936 1147 987 1225 fit,
1013 1146 1046 1208 id
1069 1156 1118 1208 est
1139 1166 1284 1210 neeessa-

147 1229 184 1289 ta
205 1232 283 1292 rius.
329 1230 420 1302 Quod
449 1233 474 1292 si
497 1230 538 1293 ab
567 1234 634 1312 ipso
656 1241 804 1294 testatore
832 1235 963 1295 uiuente
993 1235 1204 1294 manumissus
1232 1235 1284 1295 uel

203 1319 359 1378 alienatus
381 1319 438 1396 sit,
472 1337 528 1380 suo
550 1317 679 1380 arbitrio
708 1320 760 1380 uel
783 1321 872 1381 iussu
902 1321 1052 1399 emptoris
1075 1319 1284 1381 hereditatem
1303 1333 1334 1378 tt

203 1403 292 1465 adire
307 1412 422 1483 potest.
462 1405 519 1467 sed
534 1406 560 1464 si
584 1404 652 1466 sine
668 1404 813 1466 libertate
829 1406 870 1466 sit
887 1406 1061 1482 institutus,
1082 1407 1207 1467 omnino
1222 1425 1284 1466 non
1381 1431 1384 1436 ·

147 1486 183 1546 43
203 1490 345 1551 consistit
360 1491 525 1552 institutio.
549 1489 682 1552 Alienus
696 1510 811 1552 seruus
826 1493 919 1552 heres
935 1492 1099 1553 institutus
1113 1492 1141 1552 si
1157 1490 1284 1571 quidem

204 1578 237 1637 in
258 1594 297 1637 ea
324 1594 418 1637 eausa
440 1577 666 1656 permanserit,
693 1578 783 1639 iussu
811 1577 931 1639 domini
953 1576 1049 1639 debet
1078 1577 1285 1639 hereditatem

204 1660 304 1723 adire.
346 1660 432 1741 quod
455 1664 482 1723 si
504 1664 579 1724 uiuo
608 1672 757 1725 testatore
781 1664 992 1726 manumissus
1022 1674 1076 1725 aut
1098 1664 1285 1725 alienatusa
1360 1698 1363 1704 ·

205 1746 331 1809 domino
353 1747 465 1827 fuerit,
492 1759 546 1810 aut
568 1768 625 1810 suo
647 1748 776 1810 arbitrio
805 1760 858 1812 aut
881 1752 970 1812 iussu
999 1752 1150 1831 emptoris
1172 1751 1286 1832 poterit
1305 1761 1335 1808 44

204 1832 293 1895 adire
308 1833 528 1896 hereditatem.

147 1921 184 1982 44
290 1921 346 1982 Sui
362 1919 498 1982 heredes
511 1921 698 1983 instituendi
714 1932 788 1983 sunt
800 1922 853 1983 uel
865 1920 1090 1984 exheredandi.
1116 1922 1163 1984 sui
1180 1931 1285 1983 autem

205 2005 339 2067 heredes
360 2016 434 2068 sunt
449 2006 559 2080 liberi,
578 2025 656 2086 quos
672 2010 704 2069 in
728 2017 881 2087 potestate
896 2006 1059 2084 babemus,
1077 2018 1140 2068 tam
1157 2018 1287 2070 natura-

204 2092 251 2153 les
265 2110 361 2171 quam
376 2091 535 2173 adoptiui:
561 2096 635 2154 item
651 2113 747 2171 uxor,
771 2112 852 2173 quae
869 2095 901 2154 in
924 2113 1019 2155 manu
1036 2104 1098 2169 est,
1125 2103 1156 2154 et
1172 2114 1283 2165 nurus

147 2179 185 2239 tt
204 2180 336 2258 quaein
353 2198 448 2239 manu
468 2188 516 2241 est
531 2180 597 2255 filii,
617 2197 711 2258 quem
727 2181 759 2240 44
781 2188 934 2259 potestate
951 2178 1115 2241 habemus.
1149 2177 1286 2241 Postumi
1306 2192 1337 2237 40

205 2283 331 2345 quoque
347 2263 458 2344 liberi,
478 2264 511 2326 id
526 2275 574 2327 est
590 2267 645 2344 qui
661 2267 694 2325 in
709 2273 801 2327 utero
817 2272 905 2342 sunt,
925 2265 952 2325 si
967 2264 1045 2326 tales
1060 2275 1150 2340 sunt,
1169 2276 1205 2326 ut
1220 2267 1287 2326 nati

205 2353 237 2411 in
254 2359 408 2431 potestate
419 2359 525 2440 postra
539 2351 638 2413 futuri
654 2353 727 2429 sint,
747 2371 876 2413 suorum
889 2350 1040 2412 heredum
1052 2369 1183 2412 numero
1199 2361 1284 2414 sunt.

148 2439 186 2498 46
207 2438 252 2497 Ex
264 2438 331 2498 suis
347 2436 521 2499 heredibus
533 2437 616 2499 filius
633 2437 762 2516 'quidem
776 2456 882 2517 neque
897 2438 991 2498 heres
1004 2438 1167 2497 institutus
1180 2455 1286 2516 neque

147 2525 186 2585 47
205 2524 389 2585 nominatim
404 2523 614 2587 exheredatus
630 2543 692 2585 non
707 2525 828 2604 patitur
842 2523 948 2585 ualere
964 2532 1199 2584 testamentum.
1225 2524 1288 2584 Re-

205 2611 310 2689 liquae
332 2628 408 2671 uero
429 2628 583 2690 personae
604 2609 791 2688 liberorum,
810 2610 899 2672 uelut
914 2609 976 2671 filia
1000 2627 1097 2689 nepos
1113 2610 1234 2688 neptis,
1260 2611 1286 2670 si
1306 2620 1337 2665 25

205 2697 394 2775 praeteritae
416 2697 495 2771 sint,
520 2697 607 2757 ualet
627 2706 868 2776 testamentum,
893 2695 946 2756 sed
966 2696 1094 2774 scriptis
1114 2693 1288 2756 heredibus

205 2780 409 2860 adcrescunt,
435 2784 501 2844 suis
522 2782 653 2863 quidem
674 2781 848 2844 heredibus
871 2782 903 2842 in
919 2790 1040 2861 partem
1061 2782 1205 2857 uirilem,
1231 2800 1290 2842 ex-

147 2870 185 2929 48
205 2868 326 2929 traneis
347 2877 453 2930 autem
476 2869 508 2929 in
531 2878 653 2948 partem
670 2867 845 2931 dimidiam.
887 2869 1023 2929 Postumi
1045 2886 1172 2948 quoque
1194 2867 1287 2929 liberi

205 2955 433 3033 cuiuscumque
455 2974 550 3016 sexus
566 2957 688 3032 omissi,
714 2953 799 3034 quod
814 2955 914 3016 ualuit
930 2961 1171 3032 testamentum,
1191 2973 1289 3034 agne

147 3042 185 3102 49
206 3041 291 3101 tione
307 3048 467 3121 rumpunt.
508 3042 568 3102 Eos
591 3043 647 3121 qui
669 3043 702 3101 in
725 3051 815 3102 utero
837 3050 929 3116 sunt,
957 3040 984 3102 si
1000 3042 1066 3101 nati
1082 3041 1132 3102 sui
1153 3039 1288 3102 heredes
1307 3051 1338 3097 ao

205 3124 297 3187 nobis
317 3124 416 3187 futuri
432 3135 524 3204 sunt,
548 3145 716 3206 possumus
739 3127 906 3189 instituere
928 3126 1079 3205 heredes,
1107 3127 1134 3187 si
1157 3125 1287 3207 quidem

205 3221 420 3291 postmortem
435 3221 572 3273 nostram
584 3221 764 3291 nascantur,
784 3232 823 3273 ex
839 3214 909 3273 iure
921 3213 1019 3289 ciuili,
1038 3213 1064 3273 si
1080 3231 1156 3274 uero
1171 3214 1289 3274 uiuen-

145 3300 185 3360 40
205 3296 291 3358 tibus
307 3296 409 3375 nobis,
428 3317 469 3359 ex
484 3297 553 3377 lege
568 3298 666 3360 44444.
706 3298 804 3360 Filius
817 3299 871 3377 qui
888 3299 920 3359 in
935 3307 1089 3376 potestate
1105 3308 1164 3378 est,
1182 3300 1209 3360 si
1226 3317 1286 3359 non

207 3384 389 3445 instituatur
409 3383 518 3462 heres,
544 3385 727 3446 nominatim
751 3383 938 3447 exheredari
960 3382 1073 3445 debet:
1099 3385 1216 3463 reliqui
1238 3385 1287 3444 sui

207 3467 340 3530 heredes
366 3470 533 3550 utriusque
555 3489 650 3532 sexus
675 3480 730 3531 aut
751 3471 936 3531 nominatim
961 3478 1016 3530 aut
1042 3470 1127 3531 inter
1153 3480 1283 3532 eeteros.
1307 3480 1337 3527 as

145 3558 181 3620 24
207 3556 371 3616 Postumus
393 3555 477 3616 filius
498 3558 681 3619 nominatim
705 3555 947 3617 exheredandus
968 3564 1033 3617 est:
1058 3555 1122 3616 filia
1143 3565 1286 3637 postuma

206 3650 396 3720 ceteraeque
419 3653 581 3722 postumae
604 3641 738 3703 feminae
753 3642 807 3703 uel
829 3641 1012 3717 nominatim
1029 3642 1081 3703 uei
1103 3643 1186 3702 inter
1201 3649 1288 3701 oete-

207 3827 463 3844 xmxmtvvxtx‘vmmvm
470 3831 823 3843 swsthxrvxaextvxfmastruas-nantum(
834 3833 837 3840 ‹
849 3830 1096 3841 nunt-'xtvvxmmsmwm
1107 3829 1202 3839 numme!
1213 3828 1248 3838 lxm
1276 3830 1280 3837 ι

277 3973 286 4017 4
308 3968 474 4020 444444444εο
501 3965 512 4034 ΙΙ
541 3971 676 4019 stantum
689 3968 772 4032 Hopo,
787 3967 913 4018 4444440
936 3964 947 4034 ΙΙ
973 3965 1111 4017 (40444440
1135 3964 1144 4029 4
1170 3965 1286 4017 44044044

209 4037 228 4090 0
255 4036 267 4106 ΙΙ
295 4041 439 4103 tpropter
455 4042 559 4103 partem
577 4041 697 4088 nostram
709 4036 827 4087 Huschke
853 4032 864 4102 ss
892 4040 925 4085 44
938 4034 1119 4086 4444444440
1146 4032 1156 4101 ΙΙ
1185 4037 1217 4085 44
1237 4050 1288 4087 no-

206 4109 301 4159 minati
313 4121 369 4171 quo
382 4106 510 4159 esthemo
542 4103 553 4172 ΙΙ
588 4109 620 4155 at
638 4107 686 4157 sed
703 4106 832 4165 0444004444,
846 4105 935 4156 oenc
967 4101 978 4169 44
1013 4106 1044 4152 44
1063 4105 1199 4168 agnitione
1211 4119 1289 4155 rum-

207 4179 310 4241 puntur
325 4175 344 4226 0
372 4173 382 4241 ΙΙ
411 4182 442 4227 34
462 4177 535 4226 44444
548 4175 690 4240 8044444449,
705 4175 770 4225 44444
785 4172 805 4224 0
