3010 4738
248 333 486 395 centvm-aa
626 363 713 378 --
759 329 818 393 128
862 364 950 378 ..-

247 541 288 582 cx
302 520 419 602 quibus
434 521 531 582 animi
546 520 708 583 hominum
722 529 925 598 moueantur,
944 520 1140 582 honestiores
1157 519 1329 602 deportan-

209 609 227 668 3
247 616 310 686 tur,
329 608 510 671 humiliores
525 608 624 688 capite
640 608 828 688 puniuntur.
859 608 920 679 Qui
936 605 976 667 de
991 607 1090 668 salute
1106 607 1261 688 principis
1275 610 1329 670 uel

246 712 369 756 summa
384 696 430 756 rei
451 691 597 774 publicae
621 693 857 755 mathematicos
879 692 1013 754 hariolos
1033 692 1219 773 haruspices
1244 696 1329 755 uati·
1393 770 1400 780 .

245 781 402 842 cinatores
424 779 577 855 consulit,
605 799 677 841 cum
704 798 740 840 eo
766 779 822 859 qui
838 778 1038 859 responderit
1056 780 1159 859 capite
1179 780 1323 860 punitur.

210 869 226 928 l
245 866 312 927 Non
330 875 452 928 tautum
479 865 673 927 diuinatione
697 864 787 944 quis,
813 864 871 926 sed
892 865 960 946 ipsa
981 865 1112 926 scientia
1134 865 1265 947 eiusque
1286 867 1362 927 li-5

244 950 311 1013 bris
326 952 441 1013 melius
457 950 567 1014 iecerit
582 950 755 1013 abstinere.
802 949 886 1030 quod
901 951 929 1011 si
944 951 1030 1013 serui
1045 949 1085 1012 de
1101 952 1202 1013 salute
1225 951 1327 1014 domi-

244 1057 355 1099 norum
382 1038 615 1118 consuluerint,
649 1056 771 1098 summo
800 1037 972 1118 supplicio,
996 1035 1030 1098 id
1058 1046 1105 1098 est
1132 1057 1239 1117 cruce,
1268 1038 1327 1100 ad-

244 1124 409 1186 ficiuntur:
428 1124 561 1186 consulti
577 1133 684 1185 autem
700 1124 727 1184 si
743 1142 894 1204 responsa
910 1121 1075 1203 dederint,
1096 1125 1198 1184 autin
1214 1125 1327 1186 metal-

243 1210 309 1272 lum
325 1210 516 1272 damnantur
530 1219 585 1272 aut
601 1211 634 1270 in
651 1209 787 1270 insulam
804 1210 995 1290 relegantur.

738 1395 823 1480 imo
1344 1415 1376 1459 ιο

205 1521 216 1579 1
326 1515 378 1579 *Si
394 1518 466 1597 quis
481 1515 602 1597 aliquid
617 1536 657 1578 cx
667 1517 792 1579 metallo
807 1517 961 1598 principis
975 1519 1028 1580 uel
1044 1537 1084 1579 ex
1100 1528 1223 1580 moneta
1238 1538 1324 1582 sacra

204 1607 222 1668 2
239 1604 382 1666 *furatus
397 1605 454 1682 sit,
479 1622 579 1684 poena
595 1603 714 1664 mctalli
731 1613 762 1664 et
777 1603 864 1664 exilii
888 1605 1030 1684 punitur.
1078 1604 1268 1685 Transfugae
1283 1605 1324 1667 ad

239 1690 364 1752 *hostes
375 1689 428 1750 uel
441 1689 643 1753 consiliorum
655 1698 833 1750 nostrorum
850 1690 1084 1752 renuntiatores
1095 1700 1149 1752 aut
1160 1692 1229 1753 uiui
1244 1711 1324 1754 exu-

238 1775 372 1838 *runtur
386 1784 440 1836 aut
456 1775 563 1837 furcae
579 1773 851 1855 suspenduntur*

609 1964 679 2043 [mu
722 1982 759 2024 oa
782 1963 950 2045 snurrrosrs]
1085 1928 1088 1931 Ι
1342 1980 1373 2028 to

204 2086 214 2144 1
325 2082 475 2146 ductores
497 2084 663 2146 seditionis
685 2094 717 2145 et
736 2085 892 2148 tumultus
913 2085 968 2145 uel
990 2084 1193 2147 concitatores
1213 2085 1320 2164 populi

239 2189 294 2250 pro
318 2171 468 2250 qualitate
491 2170 655 2251 dignitatis
678 2181 732 2233 aut
753 2172 786 2231 in
810 2190 937 2232 crucem
958 2171 1113 2232 tolluntur
1134 2181 1188 2233 aut
1209 2170 1321 2232 bestiis

239 2257 420 2319 obiciuntur
435 2266 489 2319 aut
505 2258 537 2318 in
553 2257 688 2319 insulam
704 2256 922 2337 deportantur.

199 2431 218 2492 2
318 2430 383 2501 Qui
398 2429 551 2490 terminos
566 2427 719 2489 effodiunt
733 2428 785 2490 uel
801 2426 1117 2490 exarantarborcsuc
1136 2429 1320 2491 terminales

238 2525 399 2594 euertunt,
418 2513 591 2594 siquidem
603 2513 636 2575 id
652 2516 736 2575 serui
754 2533 810 2575 sua
826 2523 937 2593 sponte
949 2513 1093 2593 fecerint,
1112 2515 1144 2576 in
1158 2515 1319 2577 metallum
1337 2530 1370 2576 to

238 2600 444 2663 damnantur:
470 2600 654 2662 humiliores
670 2600 703 2660 in
718 2618 797 2680 opus
812 2599 988 2680 publicum,
1007 2600 1204 2662 honestiores
1219 2602 1252 2662 in
1269 2601 1319 2662 in-

236 2688 337 2749 sulam
360 2687 474 2748 amissa
498 2687 592 2747 tertia
612 2696 702 2766 parte
727 2685 882 2748 bonorum
909 2686 1091 2765 relegantur
1114 2696 1169 2748 aut
1192 2687 1319 2749 exulare

198 2775 216 2833 3
237 2783 404 2853 coguntur*
438 2772 532 2834 Ciues
547 2773 689 2851 Romani,
707 2773 763 2851 qui
779 2791 813 2833 se
829 2771 956 2834 ludaico
971 2773 1036 2835 ritu
1052 2772 1105 2833 uel
1121 2792 1230 2834 seruos
1246 2792 1319 2835 suos

237 2858 419 2920 circumcidi
441 2860 622 2939 patiuntur,
653 2858 744 2919 honis
767 2857 924 2939 ademptis
946 2859 980 2918 iu
1007 2859 1142 2919 insulam
1163 2869 1318 2939 perpetuo

199 2948 215 3006 l
237 2944 432 3023 relegantur:
458 2943 571 3006 medici
595 2945 697 3024 capite
719 2943 906 3024 puniuntur.
953 2942 1059 3006 ludaei
1082 2946 1109 3005 si
1125 2945 1245 3005 alienae
1256 2964 1318 3029 na·
1336 2960 1369 3005 25

236 3031 331 3091 tionis
346 3038 541 3111 comparatos
555 3048 665 3090 seruos
681 3028 952 3110 circumciderint,
970 3039 1025 3091 aut
1040 3030 1249 3110 deportantur
1264 3040 1317 3092 aut

235 3201 382 3215 ΛΛΛΛΛΙΧΛΜ
584 3213 587 3218 ,
598 3201 1316 3219 ΜΜῊΧΛΜΛΛΝΧΛΛΝᾺΛΛΛΛΛΛΝΧΜΛΝᾺᾹΜΛΜΑΛΛΛ

304 3285 751 3352 arr=1>u.ta,ro,aspr.§⁴
802 3287 813 3352 11
861 3287 1318 3356 aa,r=m9.ta‚ro‚cs,an

236 3360 277 3417 tt,
292 3361 306 3406 a
320 3358 432 3406 cantatio
447 3356 653 3407 Grooccticorcm
665 3358 792 3408 codicibus
806 3357 965 3420 (lachmann
977 3358 992 3406 1
998 3370 1026 3418 p.
1040 3357 1099 3421 27⁰)

234 3491 846 3508 ’χΑΑμνννννΝΛΛΛΛΛΛΛΛΛΛΛΛΛΛΛΛΝᾺΜΝΧΛΛΛΙνν
1196 3493 1317 3510 m

305 3602 314 3646 1
337 3598 513 3663 deportantur
525 3598 561 3656 Μ,
582 3596 662 3647 exilio
675 3598 738 3662 dep.
752 3598 772 3648 l
818 3597 830 3661 11
878 3602 892 3647 5
910 3611 965 3647 non
979 3633 986 3649 .
1001 3634 1008 3648 .
1025 3634 1031 3646 .
1047 3601 1061 3646 6
1075 3596 1213 3648 abstinere
1231 3604 1278 3649 cut
1288 3602 1317 3648 in

230 3663 492 3731 fincttactaotc§
507 3670 520 3714 3
535 3666 756 3716 collocandorum
794 3666 805 3729 11
844 3668 954 3716 loruci
966 3668 1064 3716 codices
1102 3666 1113 3729 11
1152 3667 1314 3732 8consulti]

233 3737 281 3786 sed
294 3750 369 3786 cons,
383 3738 481 3786 codices
509 3735 521 3799 11
552 3734 748 3799 trelogantur]
762 3734 941 3799 deportantur
953 3736 1106 3785 Bcctordcs
1121 3746 1127 3778 s
1143 3735 1154 3799 11
1194 3739 1224 3785 11
1244 3737 1317 3787 Pou-

233 3802 395 3867 tuscanicae
412 3807 458 3854 hoc
475 3800 632 3866 ct'seqccnc·
649 3805 723 3854 titulo
740 3807 903 3854 conticentur
919 3804 1031 3867 fortasse
1048 3805 1154 3854 rubrica
1172 3805 1206 3855 da
1218 3808 1315 3869 poenis

236 3874 278 3936 (cf.
292 3876 327 3924 od
337 3888 364 3923 c.
381 3873 420 3934 19)
436 3874 584 3934 complexos
596 3878 634 3922 est
668 3871 679 3936 1
715 3876 746 3921 16
764 3872 808 3922 uel
822 3873 1003 3923 concitatores
1014 3873 1117 3937 populi]
1131 3874 1232 3938 populo
1247 3888 1316 3924 oon·

233 3944 315 3993 citato
325 3942 384 4007 Diu.
410 3943 422 4005 11
447 3946 477 3991 17
492 3941 613 4005 crucem]
628 3940 732 3991 furcam
743 3941 802 4004 Dio.
829 3941 840 4004 11
865 3945 896 3990 tt
912 3942 1118 3992 Gromattcorom
1127 3944 1225 3993 codices
1233 3956 1316 4005 proc-

231 4015 336 4062 'mittunt
346 4011 420 4061 Pauli
430 4013 626 4063 sententiarum
635 4009 738 4060 libroV
751 4010 829 4060 titulo
840 4010 874 4060 de
882 4013 979 4075 poenis
1001 4010 1012 4074 11
1036 4010 1147 4060 arbores
1159 4012 1204 4061 uel
1217 4014 1315 4063 codices

232 4093 291 4129 com
305 4079 444 4130 Gromutic.
461 4079 747 4140 (arborasuelfinales
762 4079 850 4130 Grom.
863 4079 974 4143 Erscrt.)
1006 4079 1017 4143 11
1047 4082 1078 4128 2⁰
1092 4079 1183 4131 idom.
1198 4080 1284 4130 Grorn.
1304 4078 1315 4148 11

232 4153 261 4198 tt
284 4147 486 4198 damnabuntur
500 4149 587 4199 Grom.
618 4148 630 4212 11
660 4152 690 4198 22
710 4151 757 4198 aut
768 4148 878 4198 exulare
894 4149 940 4212 (-ri
952 4146 1024 4210 MLb)
1040 4161 1098 4212 cog.
1113 4162 1163 4198 om.
1180 4149 1268 4199 Grom.
