3010 4738
202 320 427 382 ranimiro
579 352 666 367 --
712 319 772 381 120
816 351 901 364 ....

198 510 312 572 *tionis
335 510 439 571 animo
466 510 633 589 pecuniam
657 507 813 570 ienerauit
842 526 975 586 eamque
1006 507 1090 568 filius
1112 506 1282 587 stipulatus

163 598 182 656 6
199 596 277 675 *444
296 598 365 676 ipso
380 596 448 656 iure
463 593 633 676 perfectam
646 593 846 655 donationem
863 593 980 673 ambigi
996 612 1059 654 non
1074 592 1209 674 potest*
1231 592 1278 671 Ei,

201 683 257 762 qui
279 682 417 762 aliquem
440 700 458 742 a
479 681 663 743 latrunculis
683 680 737 742 uel
753 679 896 741 hostibus
913 681 1046 760 eripuit,
1073 680 1105 740 in
1122 679 1281 740 infinitum

201 768 320 830 donare
335 786 398 828 non
422 766 608 847 prohibetur
629 766 665 848 (si
680 776 785 827 tamen
801 764 926 827 donatio
943 775 976 827 44
997 784 1059 826 non
1077 783 1197 827 meroes
1212 766 1282 827 axi-

202 856 257 915 mii
282 853 400 915 laboris
425 852 615 934 appellanda
641 852 721 934 444),
750 854 823 932 quia
850 852 1144 932 contemplationem
1171 851 1314 913 salutisa

202 950 288 1002 certo
304 938 395 1000 modo
412 940 571 1002 aestimari
586 958 650 1000 non
664 939 795 1018 placuit.

481 1143 533 1225 [xu
577 1163 614 1204 na
639 1163 705 1206 44444
729 1163 802 1207 44444
825 1165 860 1205 44
883 1142 997 1225 rervm]

152 1267 183 1324 4·
285 1263 339 1326 *ln
355 1263 498 1327 fraudem
520 1264 586 1325 fisoi
609 1283 672 1326 non
694 1265 795 1327 solum
815 1263 1104 1346 perdonationem,
1130 1262 1188 1325 sed
1202 1283 1283 1344 quo-

201 1352 355 1432 *cumque
390 1349 482 1411 modo
509 1369 560 1411 res
588 1351 741 1412 alienatae
772 1360 971 1413 reuocantur.
1026 1349 1176 1430 idemque
1204 1351 1283 1412 iuris

200 1436 267 1499 *est
283 1445 314 1499 44
330 1438 357 1498 si
372 1456 434 1497 non
451 1447 637 1516 quaeratur:
657 1456 758 1518 aeque
778 1437 861 1498 enirn
878 1439 910 1498 in
925 1435 1072 1497 omnibus
1087 1436 1172 1498 lraus
1187 1439 1281 1516 puni·
1303 1448 1333 1494 44

150 1519 184 1583 lb
200 1523 282 1584 *tun
329 1524 414 1583 Bona
428 1540 554 1599 eorum,
578 1523 632 1602 qui
649 1525 682 1583 in
699 1522 840 1585 custodia
855 1523 907 1584 uel
923 1524 955 1583 in
978 1523 1115 1584 uinculis
1129 1522 1182 1583 uel
1199 1542 1284 1583 com-

200 1607 356 1689 *pedibus
389 1607 611 1686 decesserunt,
651 1607 825 1669 heredibus
854 1628 964 1670 eorum
989 1628 1052 1669 non
1082 1607 1279 1687 auferuntur,

152 1697 184 1755 4ο
201 1693 288 1756 *siue
306 1702 418 1755 testato
433 1694 502 1756 siue
522 1694 667 1755 intestato
684 1693 900 1756 decesserunt.
937 1695 1025 1756 ⁴Eius
1040 1694 1131 1770 bona,
1151 1697 1206 1774 qui
1221 1694 1283 1755 sibi

200 1779 351 1841 *mortem
367 1781 529 1859 consciuit,
548 1799 609 1841 non
625 1789 697 1842 anta
714 1780 754 1841 ad
770 1780 880 1842 fiscum
896 1790 1065 1860 coguntur,
1083 1799 1178 1860 quam
1193 1783 1284 1861 prius

166 1869 178 1927 4
203 1865 406 1944 *constiterit,
425 1868 515 1929 cuius
530 1867 672 1928 criminis
687 1868 787 1946 gratia
804 1886 916 1928 manus
932 1866 992 1927 sibi
1008 1865 1185 1928 intulerit*
1207 1868 1283 1928 Eius
1303 1877 1334 1923 44

202 1951 300 2031 bona,
326 1952 382 2032 qni
404 1951 465 2014 sibi
488 1951 528 2013 oh
544 1952 672 2033 aliquod
692 1952 862 2014 admissum
884 1954 1037 2032 flagitium
1061 1962 1193 2013 mortem
1209 1972 1284 2014 oon-

202 2038 297 2099 soiuit
311 2047 343 2099 et
358 2057 470 2101 manus
485 2039 609 2118 intulit,
634 2039 707 2100 fisco
725 2038 935 2102 uindicantur.
983 2039 1068 2119 quod
1083 2041 1111 2100 si
1130 2037 1165 2100 id
1180 2038 1283 2100 taedio

203 2125 287 2186 uitae
303 2133 356 2186 aut
377 2123 496 2204 pudore
519 2125 603 2187 aeris
618 2126 715 2187 alieni
737 2126 790 2187 uel
812 2125 1007 2188 ualetudinis
1029 2125 1161 2187 alieuius
1183 2126 1284 2205 impa-
1324 2138 1326 2141 ’

202 2212 313 2272 44444444
334 2209 476 2290 admisit,
499 2231 564 2273 non
586 2209 863 2292 inquietabuntur,
888 2210 945 2273 sed
961 2211 1138 2273 ordinariae
1158 2229 1285 2273 sucees-

152 2290 185 2357 l‘l
201 2297 282 2358 sioni
298 2297 535 2377 relinquuntur.
573 2296 617 2358 *A
633 2296 776 2359 debitore
791 2296 857 2359 fisci
873 2298 905 2358 in
922 2296 1065 2360 fraudem
1081 2297 1169 2359 datas
1184 2296 1284 2359 liher—
1302 2309 1334 2353 ao

201 2382 299 2446 *tates
308 2385 425 2445 retrahi
436 2385 565 2464 placuit.
584 2402 659 2445 sane
671 2385 775 2464 ipsum
787 2385 830 2444 ita
839 2383 879 2444 ab
890 2384 949 2445 alio
958 2403 1063 2444 emere
1076 2384 1280 2463 mancipium,

201 2468 255 2531 *ut
270 2473 480 2547 manumittat,
500 2489 562 2530 non
578 2480 626 2530 est
641 2468 851 2550 prohibitum:
878 2489 952 2549 orgo
967 2481 1044 2532 tuno
1059 2480 1091 2530 et
1105 2468 1283 2530 libertatem

165 2556 380 2637 2*praestare
402 2554 532 2637 possit*
575 2556 723 2617 Elatiam
745 2555 836 2617 uelut
852 2555 979 2633 indigno
1001 2555 1143 2618 aufertur
1158 2554 1284 2617 heredi-

202 2652 249 2703 tas
265 2643 320 2723 qui
336 2641 472 2704 adfinem
487 2643 540 2704 uel
556 2652 732 2722 cognatum,
751 2643 801 2703 cui
818 2642 885 2722 ipse
901 2641 942 2703 ab
958 2643 1104 2703 intestato
1120 2660 1284 2703 successu-

203 2746 258 2789 rus
273 2736 355 2804 erat,
373 2738 596 2790 testamentum
617 2727 719 2789 lacere
736 2727 898 2808 prohibuit
919 2736 972 2790 aut
989 2747 1029 2788 ne
1046 2728 1113 2789 iure
1129 2726 1285 2789 subsiste·
1302 2739 1335 2784 44

151 2815 186 2876 2⁸
203 2821 251 2874 444
266 2833 396 2893 operam
407 2813 507 2876 dedit.
532 2813 709 2876 *Portiones
721 2832 848 2894 quoque
860 2833 968 2875 eorum
981 2815 1054 2875 fisco
1065 2813 1280 2892 uindicantur,

202 2898 276 2977 *qui
292 2909 423 2961 mortem
445 2900 631 2962 libertorum
646 2910 792 2980 suspecto
812 2897 1035 2961 decedentium
1050 2920 1113 2960 non
1129 2898 1283 2970 defende-

202 2983 312 3044 *ruut:
337 3004 446 3046 omnes
463 2987 549 3046 enim
566 2983 702 3046 heredes
715 2985 769 3046 uel
784 3003 836 3047 eos
852 2988 906 3064 qui
923 2986 988 3047 loco
1003 2985 1130 3048 heredis
1146 2995 1220 3047 sunt
1235 2984 1283 3055 of-

820 3171 1283 3185 Atwvvvvvvxlvwvvvvvvvvwvvm

272 3257 874 3323 rura-immature,capanna
917 3259 928 3322 44
970 3259 1280 3322 444--4444444

202 3330 244 3427 44,
248 3330 299 3462 gia
309 3327 399 3446 4134449,
415 3323 449 3447 4,ῑὶ4
457 3347 489 3371 =
505 3329 563 3391 Dia.
579 3330 621 3389 ta,
638 3331 678 3390 44,
694 3330 735 3391 te,
751 3331 775 3390 4,
790 3329 822 3391 os.
836 3328 872 3391 44.
888 3330 918 3377 de
930 3331 988 3378 44444
997 3331 1055 3392 44444
1066 3325 1078 3392 4
1094 3331 1132 3415 44Ι
1155 3329 1166 3391 Ι]
1197 3332 1237 3388 44,
1253 3331 1282 3376 2²

202 3429 233 3440 ''¹‘'
302 3435 308 3447 ⁸
359 3434 366 3456 4
400 3435 406 3458 4

200 3532 205 3538 “
208 3530 1283 3549 WVMWWWWNWMNVWNWWVVWVWWVWMWANM

271 3659 285 3704 4
304 3655 354 3719 444]
369 3658 395 3706 44
408 3655 430 3705 F
467 3654 479 3717 Ι]
519 3656 544 3705 44
557 3657 604 3720 qui
615 3655 679 3719 444]
699 3656 721 3706 44
734 3657 796 3719 quis
808 3655 926 3719 aliquem
937 3669 954 3704 a
966 3654 1128 3705 latrunculis
1140 3654 1184 3704 uel
1196 3653 1282 3705 hosti-

201 3723 253 3774 bus
271 3726 371 3790 eripuit
388 3727 415 3775 44
431 3724 534 3789 aliquid
551 3738 602 3789 pro
620 3738 653 3775 4ο
671 3723 707 3774 ah
721 3725 780 3789 ipso
792 3725 917 3788 accipiat,
937 3725 1004 3773 haec
1016 3724 1126 3773 donatio
1138 3724 1283 3774 4444444444-

201 3791 265 3844 44444
277 3797 328 3844 est:
350 3807 405 3844 non
423 3806 529 3844 merces
547 3795 639 3843 eximii
656 3792 759 3844 laboris
776 3792 937 3858 appellanda
954 3795 1004 3855 est,
1024 3791 1098 3856 quod
1117 3792 1284 3857 contempla·

202 3863 275 3913 tione
293 3863 389 3913 salutis
407 3867 480 3913 carto
500 3862 581 3913 modo
593 3863 731 3913 aestimari
743 3876 797 3912 non
810 3861 914 3927 placuit
926 3861 985 3925 Dia.
1028 3860 1040 3924 11
1080 3861 1284 3925 boontempla-

201 3931 303 3982 tionem
316 3932 392 3992 dett,
411 3930 701 3997 contemplationem
719 3943 778 3980 enm
791 3931 851 3994 4444.
865 3933 904 3993 (u.
918 3931 953 3991 r.)
990 3929 1002 3992 1]
1038 3932 1069 3978 46
1088 3932 1204 3981 mortam
1216 3942 1285 3981 eon-

202 4000 284 4049 sciuit
293 4002 320 4050 44
328 4001 532 4064 manusintulit]
545 4001 617 4064 Dia„
633 4003 718 4050 morte
731 4001 835 4049 constia
845 3999 973 4060 intulitL,
988 4001 1075 4049 morte
1085 4000 1258 4049 consciuitll
1274 3994 1285 4064 Ι]

203 4070 232 4114 47
253 4067 281 4117 id
294 4069 413 4118 taedium
426 4070 456 4129 h,
476 4068 504 4119 id
516 4070 579 4120 *dio
593 4070 642 4131 444,
662 4070 690 4119 id
703 4068 766 4119 odio
779 4065 830 4129 444,
849 4068 961 4118 itaadio
975 4068 1035 4130 4444.
1075 4069 1086 4132 Ι]
1125 4071 1156 4116 44
1175 4068 1285 4118 admisit

203 4136 274 4198 Dia,
289 4136 341 4186 hoo
354 4136 464 4187 admisit-
475 4140 573 4188 44444444
601 4139 612 4202 Ι]
642 4137 805 4200 ordinariae]
821 4150 886 4187 suae
899 4137 958 4199 1444.
