3010 4738
239 333 313 384 Paul.
327 333 360 393 V,
374 335 409 383 ιι
618 363 704 379 -
749 332 810 393 114
853 364 939 377 —-

200 522 219 584 2
237 522 304 603 peti
319 528 433 601 potest.
476 518 618 582 Confessi
634 518 796 582 debitores
811 539 867 602 pro
882 519 1030 583 iudicatis
1044 518 1212 600 habentur,
1232 519 1321 584 ideo-

238 625 302 688 que
319 625 358 667 ex
374 605 426 668 die
441 605 647 668 confessionis
667 617 810 687 tempora
823 607 974 669 solutioni
987 608 1175 688 praestituta
1189 625 1322 688 eompu-

200 693 218 753 3
238 701 357 755 tantur.
404 692 552 754 confiteri
575 692 648 772 quis
670 693 703 754 in
718 693 836 755 iudioio
858 712 921 755 non
936 702 1059 755 tantum
1073 711 1132 758 sua
1145 711 1242 772 uose,
1261 692 1321 755 sed

173 836 177 851 ,
239 789 272 840 et
286 778 400 840 litteris
422 787 454 840 et
475 796 677 859 quocumque
700 778 792 841 modo
815 789 933 860 potest:
959 779 1104 842 eonuinei
1126 787 1233 841 autem
1256 798 1320 840 non

201 866 218 925 i
239 865 305 926 nisi
316 864 475 945 scriptura
489 874 544 926 θυι
558 864 694 926 testibus
708 874 823 946 potest.
847 866 974 944 Eorum,
993 867 1049 946 qui
1065 864 1105 927 de
1121 863 1229 926 debito
1245 884 1321 926 eon-
1339 880 1354 924 5

201 951 219 1011 5
238 950 314 1012 fessi
329 958 414 1030 sunt,
433 950 565 1032 pignora
580 952 650 1031 oapi
666 961 697 1013 et
711 951 846 1014 distrahi
862 961 1003 1032 possunt.
1051 952 1105 1029 Ea,
1125 969 1207 1031 quae
1222 951 1320 1013 altera

151 1037 171 1097 5
185 1034 221 1118 (6)
237 1045 327 1117 parte
346 1034 477 1098 absente
499 1035 733 1117 decernuntur,
751 1037 816 1100 uim
833 1057 940 1100 rerum
955 1036 1166 1100 iudicatarum
1185 1056 1248 1099 non
1263 1036 1322 1098 ob-

135 1122 221 1205 5⁸(ti⁸)
236 1124 350 1185 tinent.
396 1121 459 1185 *De
474 1141 664 1203 unoquoque
685 1124 809 1204 negotio
829 1123 1052 1205 praesentibus
1066 1121 1224 1204 omnibus,
1241 1142 1322 1203 quos

235 1207 347 1272 *eausa
355 1210 518 1289 contingit,
528 1207 912 1290 iudiearioportetzaliter
921 1208 1189 1272 enimiudieatum
1197 1218 1320 1272 tantum

183 1288 219 1355 5¹>
237 1295 339 1357 *inter
353 1305 537 1376 praesentes
552 1303 649 1356 tenet.
697 1296 758 1368 Qui
772 1295 859 1376 apud
873 1295 983 1358 fissum
1002 1314 1129 1358 oausam
1143 1294 1320 1359 defendere
1339 1310 1369 1354 ιο

235 1379 1318 1462 *[saepiuseonuenti]neglexerint,rebusiudicatissubieiendisunt.

235 1465 342 1547 *quod
356 1485 393 1529 eo
408 1475 551 1548 apparet,
569 1468 596 1529 si
612 1485 707 1548 saepe
723 1470 870 1530 condenti
885 1469 1097 1547 praesentiam
1111 1487 1201 1530 suam
1216 1466 1320 1529 faeere

152 1553 170 1612 6
184 1550 221 1635 (7)
235 1548 447 1616 *noluerint*
490 1553 595 1614 Trinis
615 1553 730 1616 litteris
750 1555 803 1615 uel
818 1554 931 1618 odietis
946 1563 1000 1617 aut
1015 1574 1078 1616 uno
1099 1573 1157 1635 pro
1173 1553 1322 1616 omnibus

237 1637 309 1700 dato
332 1648 387 1700 θυι
406 1640 490 1701 trina
513 1637 752 1702 denuntiatione
774 1650 950 1702 conuentus
972 1641 1032 1702 nisi
1048 1640 1088 1702 ad
1105 1639 1260 1716 iudicem,
1279 1639 1320 1701 ad

236 1742 332 1804 quem
355 1722 417 1786 sibi
440 1723 662 1787 denuntiatum
677 1736 725 1787 est
745 1737 800 1787 aut
816 1727 906 1788 ouius
921 1727 1036 1788 litteris
1057 1728 1109 1788 uel
1125 1725 1228 1788 edioto
1244 1745 1320 1787 eon-
1339 1739 1370 1786 ts

235 1818 352 1873 uentus
367 1819 427 1888 est,
445 1812 580 1889 uenerit,
600 1813 691 1891 quasi
702 1813 734 1872 in
747 1821 961 1874 eontumaoem
978 1812 1060 1875 dieta
1076 1813 1232 1874 sententia
1243 1830 1320 1873 aue-

235 1896 393 1958 toritatem
408 1914 516 1958 rerum
536 1896 746 1960 iudicatarum
761 1897 898 1960 obtinet:
926 1900 1005 1979 quin
1021 1901 1115 1960 immo
1135 1917 1194 1959 nee
1209 1899 1321 1978 appel-

185 1982 219 2041 6⁸
235 1982 294 2043 lari
308 1980 350 2043 ab
366 2001 405 2044 eo
419 1992 532 2063 potest.
557 1981 606 2044 Ab
618 2002 655 2045 ea
670 1985 837 2062 sententia,
857 2002 939 2065 quae
953 1983 1108 2047 aduersus
1122 1993 1321 2047 eontumaees

235 2068 298 2130 lata
320 2077 383 2146 est,
409 2085 513 2147 neque
535 2071 689 2150 appellari
712 2089 819 2151 neque
840 2072 873 2132 in
889 2070 1022 2151 duplum
1038 2072 1181 2133 reuocari
1201 2079 1317 2150 potest.
1351 2082 1358 2093 ’

151 2150 221 2236 idi)
235 2152 488 2216 *confessionem
510 2174 600 2217 suam
623 2175 698 2218 reus
720 2157 752 2218 in
775 2155 908 2237 duplum
930 2176 1078 2219 reuocare
1100 2176 1162 2218 non
1177 2153 1321 2237 potest*
1338 2169 1369 2216 ιι

197 2239 217 2299 8
236 2240 297 2302 Res
311 2240 386 2302 olirn
407 2239 544 2304 iudicata
567 2252 638 2322 post
652 2242 781 2322 longum
796 2243 957 2305 silentium
980 2244 1012 2304 in
1028 2242 1181 2305 iuditium
1204 2241 1319 2304 deduei

235 2345 299 2388 non
314 2335 417 2407 potest
431 2346 491 2389 neo
512 2346 548 2388 eo
564 2329 692 2389 nomine
707 2328 741 2390 in
763 2326 896 2409 duplum
918 2330 1071 2392 reuocari.
1118 2330 1246 2409 longum
1260 2347 1320 2390 au-

235 2421 299 2474 tem
308 2414 585 2495 tempusexemplo
594 2414 704 2494 longae
712 2415 972 2494 praescriptionis
980 2414 1319 2494 deeenniiinterprae-

198 2500 216 2557 9
235 2507 358 2578 sentes,
385 2500 469 2560 inter
490 2498 638 2561 absentes
652 2500 794 2562 uieennii
809 2510 1018 2582 computatur.
1065 2502 1099 2561 ln
1122 2519 1215 2563 eausa
1231 2501 1319 2581 oapi-

234 2585 290 2647 tali
305 2583 420 2649 absens
435 2605 527 2647 nemo
542 2584 710 2648 damnatur
723 2605 830 2666 neque
844 2586 959 2649 absens
972 2606 1031 2667 per
1051 2587 1148 2648 alium
1170 2604 1318 2648 aeeusare
1337 2600 1370 2646 ss

174 2671 216 2730 ,40
235 2681 291 2732 θυι
305 2671 446 2734 aoeusari
460 2681 574 2751 potest.
611 2673 708 2734 Falsis
722 2674 943 2735 instrumentis
959 2672 1110 2753 religione
1126 2671 1240 2735 iudicis
1256 2674 1320 2733 eir-

236 2755 421 2835 eumdueta,
447 2759 474 2818 si
498 2759 560 2821 iam
582 2757 667 2821 diota
689 2761 848 2821 sententia
868 2759 957 2840 prius
973 2760 1013 2821 de
1035 2759 1167 2820 erimine
1182 2757 1318 2822 admisso

178 2842 211 2900 Η
236 2843 428 2921 eonstiterit,
451 2845 520 2906 eius
541 2864 654 2907 causae
676 2844 862 2907 instauratio
884 2847 952 2907 iure
975 2844 1165 2926 deposcitur.
1211 2841 1318 2906 *Ratio

235 2924 363 2989 *calculi
384 2930 513 3009 saepius
535 2950 569 2992 se
584 2930 706 3012 patitur
727 2931 893 3011 supputari
916 2939 1011 3011 atque
1026 2929 1098 2992 ideo
1119 2940 1223 3011 potest
1237 2949 1319 3010 quo-

234 3009 389 3093 *eumque
400 3022 543 3095 tempore
554 3017 729 3094 retraetari,
748 3018 775 3077 si
785 3035 848 3077 non
861 3017 953 3097 longo
964 3026 1107 3097 tempore
1119 3015 1319 3079 euaneseat.*
1337 3031 1369 3075 ao

236 3215 287 3230 ΛΛΛ

304 3342 347 3399 es,
362 3343 400 3389 eu.
415 3336 444 3388 sb
456 3359 488 3382 =
501 3340 561 3404 nu.
577 3343 618 3401 se,
635 3345 659 3401 4,
675 3343 705 3390 ιθ
735 3341 747 3406 ιι
782 3343 824 3403 er,
840 3344 865 3393 e.
880 3343 918 3392 oe.
934 3344 947 3390 r
962 3361 994 3384 =
1006 3340 1181 3405 amasae,
1196 3345 1279 3392 s-ro
1308 3338 1319 3407 n

236 3412 278 3468 ar,
295 3411 321 3456 rr
339 3408 519 3471 =Appanoie
534 3414 557 3470 r,
574 3413 604 3458 re

304 3722 318 3766 ι
333 3718 461 3768 solutioni
477 3717 605 3778 ceincias,
621 3718 765 3769 solutionis
776 3722 874 3770 oodioes
898 3719 909 3784 ΙΙ
934 3723 948 3769 5
961 3719 996 3770 de
1009 3720 1046 3782 Μ,
1060 3732 1110 3770 om.
1126 3721 1146 3770 L
1170 3719 1182 3784 ΙΙ
1213 3723 1239 3768 ιι
1257 3733 1319 3770 sae-

233 3787 295 3850 pius
308 3787 497 3837 conuentidel.
514 3787 655 3837 Mommsen
695 3787 707 3852 11
749 3791 779 3836 45
799 3788 1045 3851 odietisAppeads'a
1082 3787 1093 3852 ΙΙ
1135 3792 1166 3838 ι8
1186 3791 1319 3853 eapotest

235 3854 386 3915 sichardus,
402 3870 433 3906 eo
445 3859 534 3921 potest
546 3857 644 3906 codices
653 3858 668 3917 ·(
674 3856 764 3919 Μυῖα.
779 3861 803 3907 et
815 3856 961 3919 appendix)
1000 3856 1012 3921 ΙΙ
1031 3880 1036 3889 =
1054 3860 1084 3907 49
1103 3858 1156 3908 lata
1169 3856 1318 3919 appendia,

233 3922 295 3973 data
307 3923 356 3973 ML
385 3922 396 3986 ss
426 3926 457 3972 ii
477 3926 548 3975 inter
559 3926 596 3986 Μ,
611 3927 638 3976 et
651 3925 754 3975 interit
783 3923 795 3987 ΙΙ
823 3927 1039 3990 computaturb‚
1056 3939 1106 3976 om.
1122 3928 1152 3976 Μ
1179 3925 1190 3989 ΙΙ
1220 3929 1252 3975 25
1270 3940 1320 3976 ae-

233 4004 330 4042 eusare
348 3997 395 4042 θυι
412 3993 449 4054 Μ,
468 3995 553 4045 om.b
593 3993 604 4058 ΙΙ
648 3998 681 4044 st
700 3994 829 4057 religione
847 3996 919 4057 dett,
940 3995 1037 4059 religio
1056 3996 1104 4046 ML
1152 3995 1163 4059 ΙΙ
1211 3998 1242 4043 st
1263 3995 1318 4045 iam

232 4059 306 4110 diota
318 4061 348 4120 L,
362 4061 464 4112 indicta
478 4063 507 4112 Μ
