3006 4736
240 333 314 384 Paul.
330 334 362 394 ll,
377 292 466 383 adst
631 367 714 380 ....
760 334 801 395 76
844 367 931 379 ...-

200 521 317 584 8dere
332 531 452 601 potest,
484 522 599 584 sicum
621 521 705 583 domi
727 541 802 583 suae
823 521 1052 601 deprehendat.
1093 523 1191 597 Eum,
1217 523 1320 602 quiin

239 608 396 670 adulterio
417 606 648 687 deprehensam
669 626 797 670 uxorem
812 626 875 668 uon
896 608 1002 670 statim
1023 607 1198 685 dimiserit,
1231 628 1320 670 reum

202 694 386 755 9lenocinii
413 694 564 777 postulari
591 694 722 774 placuit.
765 695 876 755 *Serui
903 713 982 756 0040
1008 703 1072 755 tam
1097 696 1203 756 mariti
1225 713 1320 774 quam

238 782 365 842 *uxoris
381 781 413 840 in
432 798 526 842 causa
548 778 697 842 adulterii
719 781 859 860 torqueri
876 789 1024 860 possunt,
1043 799 1102 842 nec
1122 781 1171 842 his
1191 779 1321 842 libertas

180 864 219 923 40
238 866 317 928 *sub
344 867 451 946 specie
479 867 678 946 impunitatis
701 864 773 929 data
799 864 930 928 ualebit.
980 866 1064 928 Duos
1089 885 1153 928 uno
1178 864 1357 947 tempores

238 954 364 1014 *uxoris
385 951 547 1014 adulteros
567 954 709 1014 accusari
729 971 822 1032 posse
845 952 1008 1015 sciendum
1026 962 1090 1014 est:
1115 952 1225 1034 plures
1246 972 1321 1014 uero

182 1035 214 1095 44
238 1039 318 1099 *non
341 1057 444 1119 posse.
485 1039 563 1100 Cum
585 1038 652 1118 his,
676 1058 758 1120 quae
778 1037 906 1120 publice
931 1038 1090 1100 mercibus
1105 1039 1157 1100 uel
1180 1038 1322 1100 tabernis

182 1123 219 1183 44
237 1124 444 1186 *exercendis
471 1134 656 1204 procurant,
687 1123 881 1186 adulterium
902 1124 972 1185 lieri
999 1143 1061 1187 non
1083 1124 1215 1206 placuit.
1260 1126 1320 1198 Qui

182 1209 218 1268 43
237 1210 430 1272 *masculum
446 1209 584 1272 liberum
596 1212 732 1272 inuitum
749 1211 952 1290 stuprauerit,
972 1212 1075 1290 capite
1090 1211 1234 1293 punitur.
1260 1211 1321 1284 Qui

238 1295 420 1358 *uoluntate
441 1315 497 1358 sua
518 1306 663 1377 stuprum
686 1295 902 1378 flagitiumque
925 1298 1085 1377 impurum
1108 1297 1244 1378 patitur,
1270 1296 1321 1358 di·
1342 1311 1377 1356 40

237 1381 356 1443 *midio
370 1390 459 1462 parte
474 1381 628 1444 bonorum
644 1401 770 1445 suorum
787 1382 954 1456 multatur,
979 1402 1040 1445 nec
1054 1391 1274 1445 testamentum
1290 1385 1318 1445 ei

180 1468 218 1527 44
237 1470 295 1529 *ex
311 1469 426 1529 maiore
449 1477 538 1547 parte
561 1468 664 1530 lacere
685 1468 771 1530 licet.
811 1467 967 1530 Adulterii
991 1471 1151 1531 conuictus
1171 1469 1321 1531 mulieres

236 1553 387 1616 *dimidia
406 1563 497 1634 parte
520 1552 602 1616 dotis
624 1564 656 1616 et
678 1556 769 1616 tertia
792 1563 880 1636 parte
903 1553 1056 1616 bonorum
1080 1575 1116 1617 ac
1130 1555 1321 1634 relegatione

236 1641 288 1700 *in
304 1640 439 1701 insulam
460 1640 578 1720 placuit
593 1642 749 1701 coerceri:
775 1640 928 1702 adulteris
951 1659 1028 1702 uero
1042 1641 1122 1702 uiris
1137 1641 1205 1721 pari
1222 1641 1254 1701 in
1270 1641 1321 1703 in-

236 1725 355 1787 *sulam
371 1726 562 1805 relegatione
583 1725 746 1787 dimidiam
762 1725 915 1787 bonorum
934 1736 1056 1805 partem
1072 1726 1207 1804 auferri,
1226 1725 1321 1788 dum·
1342 1740 1376 1786 40

180 1810 219 1870 45
236 1810 347 1872 *modo
363 1813 396 1872 iu
412 1811 557 1873 diuersas
572 1813 690 1874 insulas
705 1813 896 1893 relegentur.
936 1813 1050 1875 Incesti
1066 1832 1210 1893 poenam,
1237 1831 1320 1892 quae

236 1898 288 1957 *in
310 1898 380 1959 uiro
402 1899 435 1958 in
456 1899 592 1960 insulam
613 1896 788 1978 deportatio
810 1907 874 1977 est,
900 1898 1025 1960 mulieri
1041 1900 1160 1980 placuit
1183 1899 1316 1960 remitti:

236 1983 408 2045 *hactenus
427 1992 547 2061 tamen,
573 1994 729 2064 quatenus
750 1984 820 2066 lege
841 1984 976 2046 Iuliade
998 1984 1162 2051 adulteriis
1183 2004 1245 2046 non
1262 2005 1320 2066 ap-

180 2069 219 2128 40
237 2069 477 2149 *prehenditur
502 2068 696 2132 Ancillarum
709 2090 785 2132 sane
799 2080 955 2152 stuprum,
971 2072 1032 2133 nisi
1045 2070 1218 2132 deteriores
1231 2071 1316 2148 fiant,

180 2153 219 2214 47
237 2157 309 2217 *aut
325 2175 383 2236 per
397 2175 450 2219 eas
466 2156 506 2218 ad
522 2155 679 2218 dominam
694 2155 842 2234 adfectet,
860 2158 941 2220 citra
955 2177 1068 2219 noxam
1085 2156 1251 2219 habetur*
1284 2158 1319 2219 ln
1339 2171 1373 2216 so

237 2261 332 2306 causa
346 2232 493 2305 adulterii
509 2241 616 2304 dilatio
632 2244 787 2322 postulata
802 2243 959 2324 impertiri
976 2263 1038 2305 non
1053 2251 1169 2324 potest.

475 2413 563 2496 [xxvu
606 2433 643 2474 nu
665 2433 908 2477 sxcvsrrrounvs
929 2414 1074 2496 44404444]

201 2536 212 2595 4
323 2535 510 2597 Inimicitiae
532 2534 698 2615 capitales,
723 2553 802 2614 quas
817 2534 890 2614 quis
905 2544 1081 2616 cumlpatre
1097 2533 1248 2596 defuncto
1263 2534 1321 2596 ha-

237 2619 318 2697 buit,
336 2639 354 2681 a
370 2621 478 2683 tutelis
494 2630 655 2699 excusant,
674 2639 714 2681 ne
730 2629 860 2701 paterno
876 2620 1002 2682 inimico
1018 2620 1160 2701 pupillus
1176 2622 1321 2681 commit-

239 2791 259 2804 41*
265 2792 270 2799 ¹
278 2797 282 2803 Δ
290 2791 530 2805 vvwwvwvwvvv
714 2790 1311 2805 IVWVXNVVWVWWVVVNIWVVWVWWVWVW

305 2881 348 2938 00,
360 2881 384 2926 0.
397 2881 411 2926 4
423 2897 455 2920 =
467 2876 573 2928 Collatio
584 2880 607 2938 4,
621 2881 661 2939 44,
675 2881 699 2926 t.
712 2882 725 2926 8
748 2877 758 2939 ΙΙ
779 2880 822 2937 00,
834 2880 935 2926 40-40
946 2891 980 2927 eu
993 2878 1126 2928 Vesontioo
1135 2883 1159 2928 04
1173 2878 1251 2928 Votic.
1263 2890 1318 2940 rep.

239 2951 303 2995 4000
314 2949 519 2996 restitutorium
530 2947 565 3007 (io
575 2947 654 2996 Vctio.
666 2947 775 3010 44000444
783 2948 915 2997 sententiis
922 2947 1316 3011 proemittitcrlnterpretatiolz

238 3018 279 3073 26,
297 3018 373 3063 ts=
391 3015 497 3065 collatio
509 3018 534 3073 0,
549 3017 600 3075 at
646 3012 657 3077 44
705 3017 746 3075 46,
763 3018 839 3062 ta:
856 3014 963 3065 00440440
977 3017 1000 3074 0,
1017 3017 1086 3075 4,4;
1108 3019 1181 3065 curtat
1199 3017 1277 3065 etium
1293 3017 1321 3064 40

235 3085 347 3146 quodam
358 3085 474 3144 oaeomplo
486 3083 603 3133 editionis
619 3082 717 3133 Cuiaoii
731 3086 795 3131 4006
809 3097 826 3132 0
837 3086 923 3132 cerdo
935 3096 984 3144 quo
997 3085 1129 3145 adscripto
1150 3084 1155 3139 4
1159 3083 1192 3145 cf.
1205 3084 1320 3133 44004044

239 3153 396 3213 0004044400
413 3164 441 3213 p.
457 3151 515 3214 940)
533 3153 742 3213 praemissionis
760 3166 792 3202 ex
811 3151 897 3202 Paulli
915 3151 962 3201 lib.
983 3155 1052 3202 sent.
1072 3154 1112 3202 444.
1130 3151 1255 3202 XXXVII
1277 3151 1318 3215 (cs.

236 3223 326 3282 0440,
342 3222 364 3284 4)
380 3220 436 3284 lege
449 3219 516 3270 lulia
528 3220 654 3280 adulterii
683 3221 694 3284 44
725 3224 767 3282 00,
783 3223 882 3270 44-40
896 3234 930 3270 00
946 3220 1079 3271 Vesontioo
1091 3226 1115 3271 04
1131 3222 1252 3271 Vaticano
1263 3233 1318 3283 rep.

238 3294 450 3341 40504044440400
461 3294 522 3339 root
537 3289 571 3350 (444
584 3290 706 3339 Vaticano
718 3295 778 3340 0040
792 3294 824 3338 40
836 3290 961 3340 adulterii
974 3295 998 3340 04
1012 3293 1042 3338 48
1056 3291 1187 3341 adulteris
1199 3294 1223 3339 04
1233 3293 1264 3337 40
1278 3291 1321 3338 in-

236 3360 304 3410 cesti
317 3361 423 3410 additur
433 3359 629 3423 Interpretatio)
662 3359 673 3423 44
702 3361 744 3419 40,
760 3363 790 3408 44
805 3358 838 3422 cf.
854 3361 878 3421 4,
894 3362 935 3418 44,
951 3361 965 3406 0

242 3479 288 3510 dnn!
294 3487 1314 3509 mmmmmmvmvaVM(mflmwn

305 3599 474 3649 ldimiserit
494 3597 569 3658 43044,
588 3598 693 3649 dimisit
711 3599 846 3662 Wisigotlti
885 3598 897 3661 41
938 3597 1072 3663 tspeoie]
1093 3612 1141 3663 spe
1160 3599 1279 3648 Pithoeus
1312 3594 1322 3664 ΙΙ

237 3672 370 3720 duriores
387 3668 431 3718 ad.
447 3680 578 3718 accusare
597 3668 673 3718 Vatic.
718 3668 729 3730 44
770 3667 916 3718 44000400
933 3669 1012 3718 Votic.
1056 3669 1066 3730 ΙΙ
1107 3668 1321 3731 0044004000444

241 3738 321 3788 Vatia.
346 3737 358 3800 14
379 3737 493 3802 punitur
506 3736 614 3795 Vecoot,
629 3737 759 3801 puniatur
774 3737 852 3787 Votic.
867 3737 953 3789 Coit.w
967 3736 1055 3795 Gottv,
1070 3737 1197 3800 punietur
1209 3735 1289 3786 cour
1312 3733 1323 3801 14

238 3811 269 3856 40
288 3806 659 3870 dimidiampartemcodiccs
688 3806 700 3869 14
731 3810 761 3854 40
780 3804 921 3856 dimidiam
936 3808 1040 3870 partem
1058 3806 1136 3856 Votic.
1167 3804 1179 3868 ΙΙ
1208 3805 1320 3854 tercium

236 3878 341 3940 partem
358 3875 436 3925 Vctic.
480 3875 491 3937 44
531 3886 564 3923 ac
576 3874 626 3923 rel.
640 3875 668 3924 in
683 3874 798 3925 insulam
817 3875 927 3933 Vcooot„
948 3876 976 3923 in
995 3873 1083 3923 insule
1095 3878 1122 3924 ot
1133 3873 1181 3924 rel.
1202 3873 1281 3923 Votic.
1311 3870 1322 3939 44

239 3947 267 3993 44
289 3944 416 3994 ininsula
434 3945 513 3995 Votic.
545 3943 556 4005 ΙΙ
588 3947 618 3992 40
637 3944 790 4007 relegantur
804 3944 885 3994 Votic.
915 3944 926 4006 ΙΙ
955 3956 1024 4006 quae
1036 3944 1062 3991 iu
1076 3943 1136 3993 uiro
1149 3944 1176 3992 40
1189 3943 1241 3992 ins.
1256 3942 1318 4006 dep.

237 4015 278 4063 cst
294 4014 403 4072 000004,
418 4016 446 4062 40
459 4015 510 4063 ins.
525 4012 662 4076 depulso
680 4014 759 4063 Votic.
790 4011 802 4075 41
832 4016 863 4061 40
877 4012 1058 4077 adprehendit
1071 4012 1150 4062 Vatic.
1175 4011 1187 4074 14
1211 4014 1242 4060 40
1257 4024 1321 4061 sane

147 4125 151 4138 ,
236 4094 286 4130 om.
305 4082 384 4131 Vatic.
427 4081 439 4145 44
480 4085 512 4129 st
530 4081 564 4130 ad
578 4081 682 4131 domini
695 4082 824 4132 iniurium
836 4080 988 4132 adfectatur
1000 4093 1052 4130 ror.
1083 4078 1095 4142 ΙΙ
1124 4080 1191 4130 04440
1208 4080 1320 4141 Voconi„

236 4162 267 4198 ea
281 4153 321 4198 tra
339 4150 417 4199 Votic.
448 4150 460 4212 14
489 4154 521 4199 40
540 4147 668 4219 defuncto
681 4147 726 4213 Lb,
745 4148 905 4203 defunctum
918 4151 962 4210 44,
981 4146 1214 4199 00400040404044
