3010 4738
250 324 486 385 nautum-to
628 360 714 371 --
761 325 821 388 126
865 359 950 373 ...-

589 514 659 593 [xvu
701 532 739 575 nr
761 515 993 594 rcourrroumvs]

165 635 177 693 4
198 632 233 717 (2)
336 633 407 694 Post
430 631 631 694 abolitionem
646 632 805 713 publicam
821 653 838 695 a
854 633 993 696 delatore
1015 652 1071 695 suo
1087 652 1162 696 reus
1178 636 1261 696 intra
1276 637 1335 697 tri·

161 722 182 783 a
198 720 233 803 (3)
251 719 426 780 censimum
438 717 523 779 diem
536 719 638 798 repeti
648 728 762 800 potest,
781 729 888 799 postea
901 738 963 781 non
974 728 1089 800 potest.
1116 720 1245 782 Summa
1257 740 1334 802 sup-

249 804 343 884 plicia
359 813 431 865 sunt
447 823 525 866 crux
541 806 690 867 crematio
702 805 886 868 decollatio:
905 803 1113 868 mediocrium
1128 816 1235 868 autem
1251 807 1333 869 deli-

249 900 370 952 ctorum
396 909 517 970 poenae
544 900 619 952 sunt
647 891 807 953 metallum
834 891 929 954 ludus
957 891 1149 971 deportatio:
1182 893 1367 955 minimaes

249 977 398 1056 relegatio
421 977 551 1038 exilium
573 996 652 1056 opus
674 977 836 1057 publicum
861 976 998 1039 uincula.
1037 996 1113 1040 sane
1136 979 1192 1058 qui
1208 977 1249 1041 ad
1264 980 1332 1059 gla-

249 1062 336 1124 dium
353 1063 480 1140 dantur,
500 1063 583 1124 intra
598 1082 715 1126 annum
733 1063 939 1126 consumendi
955 1073 1040 1126 sunt.

594 1249 677 1334 [xvrn
720 1271 757 1312 un
780 1251 985 1333 rnlcroanrvs]

211 1376 224 1434 4
333 1370 505 1433 Abaotores
521 1380 609 1450 sunt,
629 1372 684 1451 qui
700 1391 800 1434 unum
815 1391 949 1453 equum,
974 1372 1054 1435 duas
1069 1391 1167 1452 equas
1182 1372 1332 1434 totidem-

248 1476 311 1538 que
326 1456 426 1520 boues
447 1457 500 1520 nel
516 1475 626 1537 capras
649 1457 759 1520 decem
775 1467 828 1520 aut
848 1477 959 1539 porcos
983 1460 1125 1539 quinque
1151 1457 1330 1539 abegerint.
1351 1471 1386 1518 40

249 1543 407 1623 quidquid
423 1562 499 1605 uero
516 1544 598 1605 intra
613 1543 699 1605 bunc
713 1563 881 1606 numerum
897 1543 993 1607 fuerit
1008 1544 1162 1624 ablatum,
1182 1546 1213 1605 in
1230 1564 1332 1625 poena

249 1629 326 1691 furti
341 1649 398 1709 pro
422 1630 572 1709 qualitate
589 1630 657 1693 eius
672 1639 727 1692 aut
742 1630 775 1691 in
799 1630 932 1711 duplum
948 1639 1002 1693 aut
1019 1631 1052 1692 in
1068 1630 1198 1712 triplum
1214 1649 1332 1694 conue-

248 1716 349 1793 nitur,
368 1716 421 1778 uel
439 1713 574 1777 fustibus
589 1734 701 1782 caesus
717 1718 750 1777 in
766 1735 844 1797 opus
859 1715 1024 1797 publicum
1039 1718 1134 1778 unius
1148 1719 1224 1779 anni
1239 1716 1333 1779 datur

209 1806 229 1867 2
248 1810 303 1863 aut
322 1800 382 1864 sub
399 1821 499 1882 poena
514 1802 713 1864 uinculorum
730 1802 855 1864 domino
870 1805 1065 1865 restituetur.
1111 1801 1260 1865 *Atroees
1274 1822 1332 1883 pe-

248 1885 375 1949 *corum
396 1886 558 1949 abactores
583 1887 771 1969 plerumque
797 1888 839 1950 ad
862 1888 1001 1969 gladium
1024 1888 1078 1951 uel
1100 1890 1133 1950 in
1154 1888 1327 1968 metallum,
1351 1901 1384 1948 45

248 1971 506 2053 *nonnumquam
521 1984 625 2036 autem
641 1975 674 2036 in
690 1994 769 2055 opus
783 1974 946 2055 publicum
962 1975 1091 2037 dantur.
1137 1984 1259 2037 atroces
1273 1994 1332 2038 au-

247 2057 329 2121 *tem
349 2071 438 2139 sunt,
466 2061 520 2140 qui
533 2079 631 2141 equos
646 2069 678 2122 et
692 2080 805 2142 greges
820 2064 929 2124 ouium
943 2061 983 2123 de
997 2060 1121 2123 stabulo
1135 2061 1188 2124 uel
1203 2059 1242 2123 de
1258 2080 1333 2142 pas-

247 2144 334 2207 *cuis
353 2146 499 2226 abigunt,
524 2147 575 2207 uel
595 2149 621 2208 si
644 2146 677 2208 id
692 2150 820 2230 saepius
835 2155 889 2210 aut
900 2146 987 2227 ferro
1003 2146 1155 2209 conducta
1172 2166 1268 2209 manu
1285 2147 1333 2208 ia-

209 2234 227 2293 3
247 2230 383 2294 *ciunt*
427 2234 461 2295 Si
477 2252 513 2294 ea
528 2251 658 2312 pecora,
681 2233 855 2314 dequibus
877 2234 949 2313 quis
964 2234 1083 2312 litigat,
1108 2232 1266 2313 abegerit,
1291 2232 1332 2294 ad

249 2318 351 2380 lorum
376 2318 584 2381 remittendus
606 2330 654 2381 est
668 2330 763 2399 atque
788 2322 830 2381 ita
845 2321 1009 2382 conuictus
1024 2320 1057 2379 in
1080 2319 1214 2399 duplum
1227 2320 1281 2380 uel
1297 2321 1331 2380 in
1350 2331 1384 2377 uo

210 2408 227 2466 4
247 2405 380 2484 triplum
402 2404 481 2468 furis
502 2424 588 2466 more
610 2405 787 2469 damnatur.
834 2405 914 2479 *Qui
934 2405 1049 2468 bouem
1065 2406 1118 2467 uel
1140 2424 1258 2485 equum
1279 2424 1332 2467 er-

247 2490 389 2553 *rantem
417 2491 542 2571 quodue
570 2490 657 2553 aliud
685 2510 782 2571 pecus
803 2491 988 2570 abduxerit,
1019 2491 1118 2554 iurem
1140 2493 1241 2570 magis
1259 2509 1332 2554 cum

247 2577 361 2657 *quam
376 2577 554 2640 abactorem
570 2578 716 2640 constitui
732 2578 882 2658 placuit*

620 2768 678 2846 [xix
706 2785 758 2827 >ur
782 2766 958 2848 sicumare]

335 2886 396 2958 Qui
417 2895 511 2947 noctu
533 2905 627 2948 manu
649 2886 729 2963 iacta
744 2885 920 2966 praedandi
942 2906 979 2947 ac
998 2884 1210 2967 depopulandi
1232 2885 1332 2965 gratia
1350 2899 1386 2945 25

248 2971 400 3051 templum
429 2972 631 3051 inrumpunt,
664 2971 774 3033 bestiis
796 2971 992 3034 obiciuntur:
1019 2973 1046 3034 si
1068 2991 1145 3034 uero
1167 2990 1224 3051 per
1246 2970 1332 3032 diem

249 3056 318 3118 leue
334 3057 454 3137 aliquid
475 3056 515 3118 de
530 3059 646 3138 templo
661 3056 866 3136 abstulerint,
885 3058 937 3119 uel
952 3058 1158 3139 deportantur
1173 3057 1332 3118 honestio-

247 3161 299 3204 res
314 3144 366 3204 nel
382 3143 565 3206 humiliores
580 3145 613 3205 in
627 3143 787 3206 metallum
805 3143 1007 3207 damnantur.

1141 3312 1273 3328 vavwm·
1276 3314 1322 3326 νυν

319 3399 640 3460 le,⁴=couauou,a
683 3400 694 3465 n
739 3402 1064 3462 te,s=cououorr‚2
1114 3400 1125 3464 u
1173 3402 1330 3461 tc,u.o=

250 3469 359 3521 00440440
372 3473 412 3530 44,
427 3472 451 3519 4.
467 3474 481 3519 5
989 3514 991 3519 .

250 3605 519 3621 ’ΝΛΝΝΛΛΛΛΛΝᾺΛΜΛᾺ

318 3715 332 3760 t
352 3713 472 3763 editiones
484 3714 512 3762 40
523 3711 608 3774 fronte
620 3712 687 3762 444044
701 3717 730 3762 47
744 3714 801 3763 uice
813 3709 825 3776 §
839 3715 849 3760 t
872 3725 907 3762 ec
919 3711 1038 3773 Epitomu
1049 3709 1192 3774 lepidiora
1203 3710 1249 3759 400
1260 3710 1331 3773 0400-

247 3793 320 3830 sema
338 3782 452 3832 addunt:
472 3781 582 3832 abolitio
601 3782 642 3831 est
660 3780 758 3831 deletio
777 3781 881 3831 obliuio
899 3780 943 3831 uel
962 3780 1090 3830 extinctio
1109 3779 1293 3829 accusationis
1321 3773 1332 3844 ΙΙ

249 3852 347 3898 tsunt
359 3851 388 3909 L,
403 3851 454 3902 hae
468 3851 573 3901 suntM
611 3849 622 3913 ΙΙ
665 3849 899 3914 Sabigeatoribus
916 3849 977 3901 (1044.
994 3851 1065 3909 tm
1106 3846 1118 3911 ΙΙ
1160 3846 1271 3910 tduas]
1285 3846 1330 3896 uel

248 3918 317 3968 duas
332 3917 393 3968 Cott.
426 3919 436 3983 ΙΙ
467 3923 497 3968 40
517 3918 704 3970 antaradon.
736 3917 748 3981 ΙΙ
779 3922 805 3968 44
823 3920 951 3985 inpoena
968 3917 1112 3982 4440400444,
1127 3918 1239 3980 inponat
1255 3916 1329 3975 0044,

249 3987 277 4035 in
289 4000 404 4051 poenam
422 3989 542 4039 Cuiocios
580 3988 591 4051 {l
630 3991 660 4036 43
679 3986 733 4051 uel]
748 3989 795 4037 aut
809 3987 871 4039 0044.
911 3986 922 4051 ΙΙ
964 3989 994 4034 48
1013 3983 1329 4048 terrolalerrocodices,

248 4053 320 4105 ferro
333 4057 380 4105 aut
393 4057 475 4107 Faber
504 4058 514 4121 ΙΙ
546 4061 576 4106 te
595 4057 745 4121 litigaueret
760 4055 839 4108 Cotta
854 4056 950 4118 eoum,
964 4055 1110 4118 litigauerit
1125 4054 1205 4105 0044,4
