3010 4738
602 372 685 385 .-.
734 339 792 399 167
836 373 923 385 ...-
1123 338 1161 389 De
1173 336 1302 402 gradibus

222 525 322 608 gradu
350 535 423 589 sunt
451 527 543 588 etiam
571 528 676 607 patrui
705 529 819 590 amitae
847 527 998 590 auunouli
1021 536 1209 589 materterae
1232 526 1299 587 filii.

185 611 203 671 7
223 614 338 686 Quinto
360 610 460 693 gradu
483 620 555 673 sunt
578 631 672 693 supra
695 622 807 675 atauus
829 615 964 692 atauia,
981 612 1062 674 inira
1084 612 1223 693 adnepos
1245 611 1303 674 ad·

223 699 344 780 neptis:
370 717 410 759 ex
432 707 614 760 transuerso
632 699 738 761 fratris
761 710 793 761 et
814 700 930 761 sororis
948 718 1106 780 pronepos
1121 701 1299 781 proneptis:

223 794 416 866 propatruus
431 785 596 866 proamita,
614 785 647 846 id
663 794 711 847 est
725 787 838 865 proaui
854 785 951 846 irater
966 794 997 846 et
1012 804 1117 854 soror:
1143 804 1304 865 proauun-

224 872 314 933 oulus
335 880 578 950 promatertera,
604 870 637 932 id
658 882 706 934 est
727 874 873 952 proauiae
891 871 993 953 frater
1015 880 1043 933 ot
1061 890 1164 933 soror:
1192 884 1337 933 conso-5

223 956 310 1018 brini
327 956 408 1019 filius
424 956 502 1018 filia:
530 957 605 1019 item
620 959 752 1039 propius
767 957 913 1020 sobrinus
928 957 1072 1033 sobrina,
1090 956 1123 1018 id
1139 965 1186 1018 est
1201 958 1303 1037 patrui

186 1044 330 1124 8magni
356 1044 469 1104 amitae
498 1062 628 1124 magnae
656 1045 805 1106 auunouii
835 1044 940 1123 magni
962 1052 1149 1105 materterae
1172 1061 1304 1124 magnae

225 1129 281 1191 filii
294 1129 389 1190 filiae.
422 1130 517 1190 Sexto
533 1128 632 1209 gradu
647 1140 721 1192 sunt
736 1149 832 1212 supra
847 1131 982 1191 tritauus
997 1130 1134 1208 tritauia,
1153 1130 1232 1190 infra
1245 1131 1305 1190 tri-

224 1234 323 1295 nepos
338 1216 504 1295 trineptis:
529 1234 568 1276 ex
589 1227 769 1278 transuerso
792 1215 899 1278 fratris
917 1225 949 1278 et
963 1218 1077 1277 sororis
1092 1216 1233 1295 abnepos
1248 1215 1306 1276 ab·

224 1304 346 1382 neptis:
372 1300 548 1382 abpatruus
563 1301 717 1380 abamita,
742 1300 775 1363 id
791 1313 838 1364 est
853 1302 946 1363 abaui
963 1303 1059 1363 frater
1074 1311 1105 1363 et
1119 1320 1223 1363 soror:
1250 1301 1305 1362 ob-
1325 1315 1355 1360 to

225 1389 397 1450 anamotus
420 1387 643 1467 abmatertera,
666 1387 698 1450 id
720 1396 764 1450 est
785 1388 915 1450 obauioe
934 1388 1038 1470 frater
1060 1396 1088 1450 et
1102 1406 1203 1450 soror:
1229 1388 1306 1448 item

225 1473 406 1549 consobrini
425 1492 524 1554 nepos
540 1476 725 1554 neptisque:
754 1475 828 1535 item
851 1475 1014 1555 propatrui
1036 1475 1208 1555 proamitae
1231 1492 1306 1554 pro-

225 1560 374 1622 auunouli
394 1569 641 1639 promaterterae
661 1560 715 1621 filii
737 1561 836 1622 filiae:
862 1562 936 1622 item
952 1560 1072 1623 sobrini
1088 1559 1248 1638 sobrinae,
1273 1557 1307 1620 id

225 1656 273 1708 est
289 1647 344 1726 qui
360 1664 483 1725 quaeue
499 1665 538 1707 ex
554 1646 679 1708 duobus
694 1646 891 1710 consobrinis
906 1656 1167 1728 progenerantur.

473 1834 664 1848 fV'lelek'V'vVX'v
670 1836 943 1849 νιΛΛΛΛΛΛΛΛᾹΙὫΝΛΛΛΛΛ

297 1960 306 2001 4
329 1956 409 2006 etiam
421 1954 547 2013 Huschke,
561 1956 635 2005 enim
648 1958 745 2006 codices
774 1956 785 2018 ΙΙ
814 1956 965 2020 aabnepos
977 1956 1102 2021 abneptis
1115 1956 1216 2006 Monac.
1231 1956 1280 2003 rot
1299 1951 1309 2019 ΙΙ

228 2022 429 2088 opromaitera
447 2024 549 2074 Menoe.
566 2027 644 2072 44294
695 2023 706 2087 ΙΙ
753 2025 891 2088 proauiae]
911 2027 1007 2089 proaui
1026 2029 1053 2076 et
1070 2025 1172 2074 Monac.
1189 2024 1267 2072 44294
1285 2028 1308 2072 et

228 2094 276 2141 794
307 2091 318 2156 ΙΙ
347 2105 425 2143 soror
436 2094 463 2143 et
474 2091 557 2143 irater
568 2094 665 2142 codices
702 2093 713 2157 ΙΙ
749 2092 845 2156 ofiiia]
860 2094 951 2144 etfilio
966 2094 1068 2144 Moneo.
1084 2095 1131 2142 494
1163 2092 1174 2156 ΙΙ
1208 2097 1238 2141 to
1258 2091 1309 2141 ab·

227 2162 403 2280 pfunoutpp,
420 2198 449 2212 ..
472 2167 498 2210 tt
516 2175 593 2212 soror
605 2162 731 2222 Huschke,
751 2164 893 2227 raptisque
905 2164 1003 2212 codices
1043 2163 1054 2226 ΙΙ
1096 2163 1126 2210 44
1146 2165 1310 2224 generantur

256 2244 329 2281 onoc.
363 2266 367 2277 .
