3010 4738
249 362 310 427 le.
325 363 388 412 inst.
629 393 716 406 ..-
762 361 820 423 158
865 394 950 406 ...-

293 553 389 625 nibus,
416 570 492 624 quae
515 554 640 624 uulgaris
662 554 795 611 codicum
810 556 1003 625 antiquiorum
1019 553 1111 610 forma
1127 561 1181 621 est,
1207 569 1290 610 com·
1393 586 1397 593 ·

293 642 418 712 positum
433 640 520 696 luisse
536 642 659 696 sumitur
673 647 701 695 et
717 640 801 695 simul
817 641 879 696 eius
894 641 937 696 rei
951 642 1024 696 ratio
1039 638 1180 709 liabetur,
1210 640 1287 710 quod

294 727 491 797 quaternionis
505 727 616 796 siguum
631 728 661 780 in
675 724 853 803 marginibus
867 725 973 781 infimis
988 726 1097 781 nullum
1112 732 1198 794 extat,
1219 726 1290 782 haee

295 804 354 869 duo
376 813 441 868 lolia
464 812 531 868 olim
553 812 712 868 secundum
734 817 784 867 aut
805 814 923 868 tertium
945 812 1142 883 quaternionis
1156 812 1291 868 loliorum

294 914 348 968 par
370 899 499 954 effecisse
522 905 551 954 et
572 901 647 954 iuter
662 914 696 953 ea
710 904 760 953 aut
775 898 811 952 lv
825 904 874 954 ant
889 899 914 953 II
929 898 993 955 lolia
1011 891 1207 954 intercessisse
1222 900 1290 953 satis

248 1019 258 1028 -
295 983 484 1056 probabiliter
498 985 649 1040 conicitur.
684 990 835 1055 praeterea
849 985 976 1054 singulas
990 986 1107 1057 paginas
1122 984 1183 1040 lere
1198 984 1291 1039 XXIV

295 1072 331 1126 ad
354 1071 471 1126 XXVIII
492 1086 596 1127 uersus
618 1070 782 1140 complexas
804 1087 868 1125 esse
891 1087 926 1126 ex
948 1070 1056 1126 ambItu
1080 1086 1219 1126 uersuum
1241 1071 1292 1141 qui

295 1162 391 1214 extant
405 1157 498 1228 colligi
514 1162 618 1227 potest.
1195 1147 1216 1160 ⁸

213 1231 220 1242 ’
381 1244 457 1299 llaec
480 1251 576 1299 autem
591 1242 747 1312 fragmenta
764 1243 992 1300 Institutionibus
1007 1242 1116 1312 leiani
1131 1241 1291 1298 attribuunt

296 1337 355 1385 tam
376 1331 440 1400 Dig.
462 1332 517 1397 la,
538 1333 596 1397 26,
619 1333 652 1395 l,
679 1329 708 1383 in
730 1326 838 1399 quibus
859 1329 974 1384 initium
996 1328 1147 1398 fragmenti
1169 1329 1181 1382 I
1203 1328 1287 1397 redit,

296 1432 384 1487 quam
399 1417 500 1486 quinta
514 1412 699 1470 membranae
715 1415 835 1470 alicuius
846 1415 947 1470 lacinia
959 1414 1198 1481 vindobonensis
1217 1430 1291 1485 qnae

296 1503 454 1572 marginem
475 1502 655 1571 superiorem
678 1502 763 1555 unius
787 1500 845 1557 lolii
866 1517 933 1556 oum
951 1500 1195 1572 superscriptione
1210 1501 1293 1570 pagi-

297 1620 398 1660 narum
421 1604 568 1660 seruauit:
594 1603 622 1657 ln
645 1604 727 1658 cuius
749 1604 850 1673 pagina
872 1610 950 1659 recta
965 1604 1070 1674 legitur
1084 1603 1152 1658 LIB·
1167 1583 1237 1673 Ῑῗ,
1263 1605 1291 1658 in

297 1706 400 1747 auersa
412 1690 489 1745 VLP·
503 1688 609 1744 INST·.
641 1689 709 1744 illud
722 1696 818 1745 tamen
829 1690 885 1744 dici
897 1691 1008 1760 nequit,
1025 1696 1122 1745 utrum
1134 1690 1181 1745 hic
1193 1705 1291 1759 margo

298 1776 335 1832 ad
349 1777 519 1832 alterutrum
534 1790 636 1831 eorum
650 1774 794 1843 loliorum,
821 1791 945 1846 quorum
961 1782 1059 1847 partes
1072 1777 1225 1834 interiores
1240 1793 1292 1831 ex-

298 1868 368 1932 tant,
394 1877 429 1917 an
452 1862 488 1917 ad
511 1861 587 1917 aliud
611 1861 802 1932 nescioquod
819 1861 948 1917 eiusdem
963 1861 1069 1918 codicis
1085 1863 1185 1920 lolium
1200 1864 1292 1932 perti-

299 1949 403 2004 nuerIt.
442 1948 509 2003 inde
531 1948 626 2018 igitur,
652 1947 731 2018 quod
754 1950 783 2003 in
805 1947 860 2003 hac
881 1949 1066 2019 inscriptione
1088 1947 1162 2003 liber
1183 1949 1293 2018 primus
1387 2016 1390 2020 ἢ

298 2039 548 2104 commemoratur,
579 2033 656 2090 nullo
678 2033 764 2090 modo
787 2035 930 2090 euincitur
952 2035 1109 2105 fragmenta
1131 2035 1235 2090 III-V
1257 2034 1292 2089 ad

298 2121 424 2190 primum
445 2121 657 2176 Institutionum
680 2118 786 2175 librum
808 2121 992 2190 pertinuisse.
1032 2121 1114 2190 prius
1136 2127 1232 2176 autem
1248 2120 1293 2178 lo-

299 2207 368 2263 lium
383 2207 419 2262 ad
434 2205 540 2262 librum
556 2208 568 2262 I
583 2206 728 2276 pertinere
744 2206 891 2276 eDigestis
906 2211 995 2276 patet.
1022 2212 1117 2276 potest
1131 2222 1200 2261 sane
1216 2205 1289 2274 lieri,

301 2298 332 2349 ut
353 2293 428 2348 inter
449 2294 575 2364 primum
598 2299 626 2348 et
640 2291 801 2348 secundum
817 2292 917 2349 lolium
931 2293 1016 2362 primi
1031 2293 1243 2350 Institutionum
1258 2293 1295 2348 li-

298 2380 345 2436 bri
360 2378 424 2435 iinis
440 2385 468 2435 et
484 2379 594 2434 initium
609 2377 728 2434 secundi
744 2379 948 2434 intercesserit.
1268 2438 1271 2445 ,

385 2466 468 2520 Extat
490 2465 615 2535 denique
637 2471 717 2520 sexta
739 2464 869 2519 eiusdem
893 2463 1000 2521 codicis
1022 2453 1161 2521 schedula
1182 2471 1211 2520 et
1233 2465 1295 2534 ipsa

300 2568 336 2607 en
358 2552 477 2607 alicuius
499 2550 558 2607 lolii
580 2550 707 2620 margine
729 2552 881 2619 superiore
904 2558 1025 2619 resecta,
1054 2552 1084 2605 in
1106 2567 1164 2622 qua
1186 2566 1294 2620 paucae

299 2639 460 2709 primorum
483 2638 634 2707 utriusque
650 2636 770 2706 paginae
785 2652 924 2692 uersuum
938 2637 1050 2693 litterae
1066 2638 1291 2706 conspiciuntur,

301 2730 329 2780 et
345 2725 372 2777 in
388 2730 468 2779 recta
482 2723 601 2793 quidem
615 2723 717 2793 pagina
732 2721 803 2777 bae:
832 2711 842 2800 ΙΙ
855 2740 909 2779 sna
1129 2714 1178 2799 lin
1193 2739 1295 2778 auersa

300 2810 372 2864 liae:
390 2798 568 2887 11——
583 2807 732 2878 *edmero
750 2800 766 2886 Ι.

388 2894 564 2964 Scripturam
593 2894 699 2952 codicIs
729 2894 777 2949 uel
806 2895 907 2964 quinto
936 2895 984 2950 uel
1013 2901 1094 2950 sexto
1124 2895 1240 2951 saeculo
1262 2910 1292 2965 p.

223 3034 225 3039 .
302 2979 369 3035 Chr.
388 2996 418 3034 n.
437 2978 587 3037 attribuas.
622 2981 778 3050 fragmenta
794 2979 934 3036 deliueata
950 2986 978 3036 et
993 2981 1131 3053 ampliore
1147 2996 1297 3036 commen·
1321 2996 1324 3003 ’

302 3067 373 3121 tario
397 3065 535 3121 illustrata
557 3083 573 3121 a
595 3070 730 3135 mesunt
752 3066 782 3120 in
804 3064 878 3122 libro
900 3067 946 3121 cui
969 3065 1134 3123 inscribitur
1156 3067 1296 3122 Kritisclte

301 3150 448 3207 Versuche
468 3144 570 3226 (Berlin
591 3145 680 3227 talo)
701 3167 730 3220 p.
754 3154 811 3208 llo
825 3166 890 3222 sqq.

346 3472 525 3534 Precarium
542 3481 602 3549 est,
621 3471 707 3551 quod
721 3471 872 3553 precibus
886 3472 1008 3553 petenti
1023 3472 1179 3534 utendum
1195 3471 1342 3534 concedi-

260 3571 312 3621 tur
327 3568 391 3621 tam
407 3556 475 3636 diu,
501 3556 654 3638 quamdiu
676 3559 703 3618 is
726 3558 781 3638 qui
799 3560 954 3621 concessit
970 3559 1100 3638 patitur.
1141 3558 1226 3638 quod
1242 3577 1343 3638 genus

261 3645 457 3707 liberalitatis
475 3665 515 3706 ex
530 3645 599 3706 iure
617 3646 758 3724 gentium
775 3643 950 3706 descendit.
982 3654 1014 3707 et
1029 3645 1125 3706 distat
1141 3664 1159 3706 a
1174 3644 1342 3705 donatione

261 3751 316 3812 eo,
335 3730 420 3811 quod
437 3733 492 3811 qni
509 3731 604 3793 donat
619 3733 665 3792 sic
682 3729 751 3807 dat,
769 3750 810 3792 ne
827 3731 972 3811 recipiat:
993 3732 1095 3810 atqui
1112 3732 1253 3810 precario
1268 3749 1343 3791 con·
1363 3742 1377 3788 5

261 3817 355 3895 cedit,
381 3820 427 3880 sic
443 3816 497 3879 dat
513 3817 602 3897 quasi
619 3828 695 3877 tunc
714 3825 913 3897 recepturus,
938 3836 1010 3878 cum
1032 3816 1093 3878 eibi
1116 3815 1246 3878 libuerit
1268 3835 1344 3897 pre·

262 3907 382 3966 carium
398 3904 532 3966 soluere.
569 3912 601 3965 et
624 3911 672 3964 est
694 3903 794 3962 simile
818 3902 1027 3964 commodato:
1052 3921 1126 3963 nam
1142 3911 1173 3964 et
1189 3904 1243 3982 qui
1260 3921 1345 3963 com·

263 4073 685 4089 vameMnanvvaANWxA-‘VVI
690 4073 1257 4087 Mmmtvmntxnsxsantwmmnflvxssmr*
1263 4075 1283 4083 >w
1295 4074 1319 4083 ὐ-
1331 4073 1335 4079 ·

332 4181 346 4226 2
359 4205 394 4214 -
402 4191 429 4239 p.
447 4182 505 4237 tte,
522 4183 531 4225 l
548 4179 675 4241 usquead
688 4178 736 4228 sed
748 4180 779 4227 ut
792 4180 816 4228 ei
829 4179 859 4227 ut
871 4191 885 4226 e
898 4178 956 4240 Dig.
974 4178 1015 4237 la,
1030 4181 1072 4236 26,
1089 4182 1098 4225 l
1114 4178 1233 4240 suppleta
1243 4183 1303 4227 sent
