3006 4736
584 411 669 422 ....
714 378 753 439 69
797 415 883 424 -
1032 381 1107 432 Paul.
1124 381 1156 443 11,
1172 384 1272 431 t'l-lt

85 594 88 599 >
133 569 172 627 lo
190 568 283 628 *sit*
319 565 426 627 Electo
448 584 500 628 reo
515 566 684 647 principali
700 565 867 628 fideiussor
888 568 940 629 uel
954 542 1052 630 bared
1064 571 1133 632 eius
1154 570 1273 632 libera-

192 662 253 715 tur.
293 651 451 723 nonidem
468 652 500 713 in
511 650 755 715 ‘mandatoribus
769 652 968 715 obseruatur.

458 841 540 923 [xrnr
583 860 620 901 nn
643 860 759 903 nouare
781 861 818 902 nr
840 841 1007 923 counvcro]

156 963 168 1022 i
279 963 374 1023 Homo
385 959 479 1038 liber,
498 962 553 1041 qui
564 969 679 1023 statum
695 980 788 1023 suum
800 962 833 1023 in
845 970 1000 1042 potestate
1017 961 1121 1041 babet,
1140 967 1273 1044 etpeio-

194 1067 257 1110 rem
273 1068 346 1110 eum
361 1056 392 1109 et
414 1047 577 1108 meliorem
592 1045 696 1109 lacere
718 1056 839 1127 potest:
864 1057 959 1127 atque
982 1046 1052 1109 ideo
1067 1068 1179 1129 operas
1200 1064 1305 1113 suasa

155 1134 325 1197 adiurans
345 1143 579 1213 nocturnasque
601 1133 691 1194 locat.
737 1132 839 1195 Fundi
866 1132 1034 1195 deterioris
1056 1133 1129 1198 iacti
1153 1144 1184 1196 et
1206 1136 1274 1199 onl-
1344 1131 1346 1135 ’

192 1230 282 1283 turae
306 1240 368 1282 non
396 1221 587 1281 exercitatae
615 1228 646 1280 et
661 1217 877 1281 aedificiorum
893 1238 961 1293 non·
978 1218 1165 1282 refectorum
1181 1221 1274 1302 culpa

153 1307 172 1366 3
192 1307 324 1369 arbitrio
346 1306 461 1368 iudicis
477 1304 603 1367 domino
625 1304 847 1367 aconductore
863 1306 974 1368 sarciri
996 1315 1110 1386 potest.
1149 1308 1275 1368 *Domi-

95 1440 102 1444 «
191 1393 271 1456 *nus
293 1394 477 1454 horreorum
500 1392 639 1453 effractis
659 1400 690 1453 et
713 1393 889 1472 compilatis
910 1392 1031 1454 horreis
1047 1412 1110 1454 non
1133 1401 1271 1472 tenetur,

191 1479 272 1541 *nisi
293 1478 467 1541 custodiam
491 1497 599 1539 eorum
622 1478 759 1557 recepit:
785 1480 872 1540 serui
893 1487 998 1540 tamen
1021 1480 1091 1541 eius
1111 1498 1182 1541 cum
1212 1498 1274 1560 quo
1294 1491 1323 1534 to

190 1564 402 1628 *contractum
421 1573 469 1626 est
486 1562 843 1644 propteraedificiorum
855 1566 997 1626 notitiam
1013 1566 1046 1625 in
1058 1567 1275 1645 quaestionem

155 1653 172 1712 l
190 1653 276 1733 *peti
292 1662 434 1732 possunt.
472 1651 507 1711 ln
523 1649 677 1712 conducto
693 1648 790 1711 lundo
805 1652 832 1711 si
847 1649 1017 1712 conductor
1032 1670 1089 1712 sua
1104 1670 1200 1732 opera
1215 1651 1275 1713 ali-

190 1737 288 1818 *quid
303 1738 480 1808 necessario
500 1737 554 1798 uel
568 1737 691 1798 utiliter
705 1736 830 1798 auxerit
852 1738 903 1799 uel
918 1736 1135 1798 aedificauerit
1156 1737 1208 1800 uel
1224 1739 1274 1799 in-

191 1824 365 1903 *stituerit,
392 1843 463 1885 oum
486 1822 519 1885 id
541 1841 603 1884 non
626 1823 908 1901 conuenisset,‘ad
929 1822 1113 1904 recipienda
1135 1842 1273 1904 eaquae

192 1910 369 1990 *impendit
391 1929 432 1972 ex
453 1907 608 1971 conducto
630 1928 701 1970 cum
728 1908 853 1970 domino
877 1907 968 1971 lundi
994 1910 1134 1990 experiri
1156 1919 1269 1990 potest.
1294 1920 1324 1966 ⁴5

154 1994 271 2068 omui
298 2004 405 2057 contra
430 1995 533 2074 legem
559 1993 774 2056 conductionis
798 1993 932 2057 fundum
953 2005 1026 2057 ante
1053 2005 1179 2076 tempus
1205 1998 1273 2058 sine

193 2083 294 2143 *insta
309 2101 346 2142 ac
360 2079 517 2160 probabili
533 2099 627 2141 causa
637 2078 827 2157 deseruerit,
845 2079 885 2141 ad
900 2078 1066 2143 soluendae
1082 2083 1177 2143 totius
1192 2090 1275 2144 tem·

192 2169 296 2247 *poris
310 2168 479 2249 pensiones
491 2185 532 2226 ex
542 2164 695 2227 conducto
710 2167 873 2227 conueniri
889 2175 1002 2246 potest,
1020 2156 1177 2246 quatenus
1191 2167 1275 2230 loca-

194 2255 270 2314 *tori
288 2254 320 2313 in
336 2252 369 2313 id
384 2252 468 2331 quod
484 2252 553 2313 eius
569 2253 700 2313 interest
714 2250 907 2313 indemnitas
921 2252 1103 2315 seruetur*

593 2439 653 2521 [m
694 2459 732 2501 nu
753 2442 875 2520 urrrus]
1292 2450 1323 2496 ao

157 2563 169 2620 l
280 2561 442 2643 Sponsalia
457 2571 520 2622 tam
536 2562 620 2622 inter
634 2560 772 2641 puberes
792 2580 888 2641 quam
902 2562 986 2622 inter
1000 2560 1185 2641 impuberes
1200 2578 1275 2621 con-

154 2648 274 2709 auehi
290 2657 434 2730 possunt.
473 2647 590 2708 Eorum
613 2647 716 2726 quiin
738 2655 891 2728 potestate
913 2647 1014 2728 patris
1036 2655 1110 2708 sunt
1125 2647 1194 2707 sine
1216 2666 1274 2707 uo·
1340 2645 1342 2653 ’

192 2736 312 2796 luntate
328 2735 397 2795 eius
413 2733 611 2794 matrimonia
628 2735 698 2794 iure
710 2751 772 2794 non
785 2733 1026 2811 contrahuntur,
1044 2731 1100 2794 sed
1117 2740 1274 2793 contracta

193 2840 255 2882 non
272 2820 455 2883 soluuntur:
480 2819 699 2900 contemplatio
723 2820 806 2881 enim
829 2819 975 2900 publicae
996 2819 1142 2880 utilitatis
1163 2818 1274 2899 priua·

153 2907 172 2966 3
192 2913 295 2968 torum
318 2905 488 2967 commodis
508 2905 699 2987 praefertur.
734 2904 839 2966 *Inter
853 2914 1005 2986 parentes
1026 2914 1057 2967 et
1073 2904 1189 2966 liberos
1204 2905 1273 2967 iure
1293 2915 1324 2962 ae

173 2994 297 3073 fciuili
319 2993 517 3054 matrimonia
538 2991 677 3054 contrahi
699 3010 761 3052 non
783 3001 929 3072 possunt:
961 3009 1021 3052 nec
1041 2990 1136 3052 filiam
1159 2992 1275 3052 sororis

323 3147 400 3160 νυνι-κ,
411 3150 417 3159 ι
428 3152 433 3159 1
444 3145 1273 3160 ΑκΛΛΙιΛΛΛΛΛΛΛΛΙνκΛΛΛΛΛΝΧΛΝνννννιΝννΨνννννψᾺΛΛ(ΨΜΚΑΙ*Μ’

262 3219 304 3277 re,
320 3220 386 3266 a-e
400 3235 431 3258 =
445 3215 504 3280 nep.
521 3219 563 3275 te,
578 3219 602 3275 a,
619 3218 650 3265 se
673 3214 684 3278 ῃ
710 3218 751 3275 ro,
767 3218 833 3264 e-e
849 3213 956 3265 colloco
970 3218 1023 3274 oa

196 3338 222 3347 ‘xlx
259 3335 475 3349 *MWVKNWVWJM
1104 3335 1233 3347 'MVVMVV
1240 3334 1271 3347 uh·

262 3420 364 3471 tidem
380 3420 509 3480 Ouiuoius,
518 3416 595 3472 ‘enim
609 3423 707 3472 codices
730 3420 741 3483 ΙΙ
765 3424 779 3469 3
795 3420 928 3484 Schultiop
938 3423 973 3470 od
984 3421 1051 3470 bunc
1063 3421 1166 3471 titulum
1176 3420 1276 3469 rettulit

193 3491 286 3553 lupam
304 3490 376 3540 Boon.
397 3490 594 3553 Romulidae:
613 3503 673 3540 arra
690 3503 741 3555 pro
759 3488 979 3554 quibuscumque
996 3488 1078 3540 rebus
1096 3503 1112 3539 a
1130 3488 1274 3538 uenditore
1364 3528 1366 3531 .

193 3561 305 3623 accepta
323 3557 358 3608 ab
377 3572 409 3608 eo
428 3559 475 3622 qui
493 3559 559 3608 emit
575 3559 763 3608 uenditionem
781 3556 926 3622 perlectam
945 3571 1014 3608 esse.
1048 3559 1165 3622 pretium
1183 3559 1273 3607 tamen

192 3626 367 3693 postmodum
381 3629 487 3690 emptor
504 3626 640 3677 uenditori
659 3627 819 3691 impleturus
841 3626 969 3691 (emptore
981 3627 1118 3677 uenditori
1129 3625 1274 3690 impleturo

193 3695 332 3758 Huschke),
352 3696 375 3745 si
393 3697 439 3746 aut
457 3697 527 3746 inter
544 3697 619 3760 ipsos
635 3697 796 3745 conuenerit
806 3699 852 3745 eut
863 3697 988 3745 uirorum
1001 3694 1136 3746 bonorum
1148 3693 1275 3744 aestima-

192 3766 266 3816 tione
279 3765 440 3824 constiterit,
455 3764 606 3815 secundum
620 3765 739 3829 speciem
753 3764 828 3815 Pauli
858 3763 869 3827 ΙΙ
899 3767 911 3814 t
932 3766 1053 3829 peiorem
1065 3765 1137 3822 dett,
1151 3762 1274 3827 peiorare

193 3836 223 3893 t,
239 3834 423 3900 periurareM
450 3834 505 3896 llo
525 3846 588 3883 eum
600 3834 637 3892 Μ,
657 3834 741 3884 coel
771 3833 782 3896 ΙΙ
811 3833 1036 3883 odelerioresld
1062 3831 1073 3895 ΙΙ
1102 3832 1275 3881 'lexercitati

194 3905 223 3954 Μ
257 3904 268 3967 ΙΙ
302 3903 465 3967 culpadett.,
486 3902 594 3967 culpam
608 3903 656 3952 ML
691 3903 703 3966 11
739 3907 769 3952 ⁴7
789 3902 956 3953 soluendal'
987 3900 998 3964 ll
1034 3904 1066 3950 ἥ
1085 3904 1149 3950 sunt
1164 3901 1222 3950 sine
1236 3900 1273 3959 M,

193 3986 242 4023 om.
263 3973 283 4022 L
308 3971 336 4036 ΔΙΙ
382 3975 414 4023 13
434 3973 549 4031 cincii,
569 3972 692 4036 patrisl,
733 3971 744 4034 ΙΙ
786 3972 844 4021 iure
862 3984 916 4021 non
936 3971 972 4030 ll,
992 3971 1052 4019 iure
1070 3965 1114 4031 lb,
1134 3982 1184 4020 oto.
1203 3969 1238 4018 ιθ
1265 3966 1276 4035 ΙΙ

194 4045 223 4092 st
240 4040 430 4105 contemplatio
446 4080 451 4092 .
467 4078 473 4091 .
490 4078 496 4092 .
512 4044 543 4090 25
557 4041 710 4091 commodis
721 4039 874 4105 praefertur
882 4039 1032 4097 sichardus,
1047 4038 1275 4103 contemplatione

195 4146 202 4159 .
218 4145 224 4160 .
240 4146 247 4159 .
262 4109 407 4160 commoda
418 4109 609 4175 praeferuntur
620 4111 718 4160 codices
754 4110 765 4173 fl
804 4113 837 4158 25
856 4110 914 4158 inre
927 4107 1001 4156 ciuili
1015 4112 1075 4157 onte
1087 4110 1119 4155 26
1132 4120 1185 4157 nec
1196 4108 1278 4157 collo-

193 4184 235 4229 cot
247 4178 364 4228 Huschke
425 4203 428 4210 ·
