3010 4738
187 361 278 441 frob.
293 363 386 429 Pomp.
576 397 662 408 ....
709 363 769 426 148
812 396 899 410 ..-

197 560 231 611 65
253 551 290 612 V·
307 553 341 611 F·
358 552 395 613 V·
414 553 479 613 uim
496 551 564 614 lieri
580 561 653 614 ueto

197 646 231 697 66
252 639 286 698 F·
305 636 340 698 C·
357 639 392 699 L·
409 636 617 699 fraudationis
631 656 726 700 aalma
739 638 841 700 latitat

197 732 230 783 67
254 725 287 783 Ρ·
305 724 338 784 Ρ·
355 725 392 784 V·
409 723 550 804 pupillus
564 724 729 805 pupillaue

197 818 231 869 68
254 810 291 869 11·
308 809 341 869 Ρ·
360 809 395 870 C·
412 811 446 871 S·
463 809 501 870 D·
518 811 558 870 11·
576 810 783 890 reipublicae
798 828 892 872 eausa
907 829 942 871 se
958 808 1027 872 dolo
1041 810 1123 871 malo

197 905 230 956 66
252 896 289 957 V·
306 895 331 955 l·
348 895 373 955 l·
389 894 552 958 uidebitur
567 897 600 957 in
616 897 776 978 integrum

197 990 230 1041 76
252 981 289 1041 R·
306 980 345 1042 Α·
362 982 400 1055 Q·
418 982 455 1042 E·
472 983 497 1041 l·
514 982 551 1043 E·
569 983 721 1045 restituas
735 991 906 1061 autequam
922 1001 962 1043 ex
977 983 1046 1044 iure
1063 1000 1160 1043 exeas

197 1077 227 1128 71
252 1067 289 1128 E·
308 1067 343 1127 C·
362 1088 401 1129 ex
416 1067 645 1130 consuetudine

196 1163 229 1213 72
251 1153 289 1214 0·
306 1152 345 1214 Α·
363 1155 401 1228 Q·
417 1172 526 1217 omnes
540 1152 581 1216 ad
597 1173 675 1234 quas

197 1248 228 1300 73
250 1239 290 1300 0·
306 1241 340 1300 F·
359 1239 517 1301 fenestrae

196 1335 229 1385 74
251 1327 290 1400 Q·
306 1328 346 1386 Μ·
364 1326 401 1387 E·
418 1344 500 1406 quae
514 1344 584 1387 mea
600 1333 648 1386 est

196 1422 227 1472 75
249 1413 288 1472 ll·
305 1413 343 1472 N·
360 1431 466 1474 rerum
482 1430 635 1473 nouarum

196 1508 228 1558 76
251 1499 285 1559 S·
302 1499 340 1558 N·
358 1500 391 1558 P·
409 1499 447 1572 Q·
465 1496 503 1560 Λ·
515 1498 551 1558 ir
562 1498 589 1559 si
604 1516 667 1559 uon
683 1497 756 1579 plus
771 1516 865 1578 quam
879 1498 1027 1578 '‘maguus

195 1594 228 1644 77
252 1584 285 1645 S·
303 1584 337 1644 P·
354 1585 394 1644 ll·
412 1585 503 1646 Sexti
516 1583 602 1646 Pedii
616 1582 795 1645 imediuani
878 1598 884 1605 ·

485 1945 598 2007 SEXTl
622 1943 802 2006 POMPONll
824 1942 979 2006 REGVLA
1045 1976 1050 1981 ·

280 2082 319 2143 Et
341 2082 515 2144 seruitutes
537 2082 639 2145 diuidi
659 2101 723 2144 non
745 2083 894 2164 possunt:
921 2102 995 2144 uam
1017 2101 1125 2144 aarum
1142 2101 1218 2143 usus
1233 2083 1277 2144 ita

195 2187 334 2230 conexus
348 2176 406 2247 666,
425 2177 461 2231 ut
476 2170 532 2248 qui
548 2188 620 2232 eum
636 2168 803 2250 partiatur,
821 2179 965 2230 naturam
982 2169 1051 2230 eius
1067 2177 1259 2248 corrumpat.

323 2294 365 2349 De
377 2292 431 2349 hae
442 2295 552 2365 regula,
567 2310 655 2364 quam
666 2292 807 2349 debemus
818 2294 885 2350 solis
900 2294 1148 2350 consuetudinum
1158 2294 1233 2349 liur-

237 2380 426 2451 digalensium
448 2381 661 2436 commentariis
676 2378 719 2435 ab
734 2378 861 2436 66661616
876 2376 1023 2437 1166666616
1039 2378 1147 2450 publici
1161 2380 1233 2435 iuris

238 2466 319 2522 iactis
340 2463 500 2540 [16166166.
517 2465 585 2522 Seb.
602 2465 714 2539 Grypn.
729 2471 818 2523 1666.
838 2459 880 2543 1),
898 2467 961 2536 ipse
974 2466 1136 2522 Ferrandus
1148 2482 1177 2536 p.
1192 2469 1229 2522 72

236 2552 308 2609 haec
319 2553 445 2607 rettulit:
462 2570 499 2608 666
510 2552 590 2608 libris
600 2553 749 2626 Pomponii
761 2595 768 2609 .
786 2593 793 2610 .
811 2596 817 2609 .
835 2593 843 2608 .
859 2570 895 2608 66
907 2555 1105 2609 uetustissimis
1117 2551 1229 2626 quibua·

236 2641 304 2695 dam
318 2640 486 2713 1669666166
501 2641 577 2695 carie
594 2641 725 2708 66666616,
752 2655 823 2712 quae
844 2634 924 2695 nobie
946 2640 1020 2696 61666
1043 2640 1120 2695 dedit
1141 2639 1232 2694 Iulias

237 2725 341 2781 066666
355 2724 484 2797 Scaliyer
501 2767 508 2781 .
528 2766 536 2780 .
558 2768 565 2782 .
586 2769 592 2780 .
613 2732 730 2798 aoeeeptu
745 2742 759 2781 e
774 2724 941 2782 bibliotheca
954 2726 1030 2781 Petri
1046 2725 1147 2781 Criniti
1161 2725 1231 2781 Flo·

234 2813 349 2866 reatini.
382 2826 445 2866 eam
460 2811 495 2866 ad
507 2811 654 2881 Pomponii
670 2810 777 2867 librum
792 2811 965 2881 singularem
980 2811 1146 2881 regularum
1161 2826 1232 2881 per-

235 2896 497 2952 61666666666116.
516 2896 552 2953 G.
570 2898 699 2954 Cramer.

193 3095 788 3110 axtmmlwvvvvvvmlvvvvmmvxmwvthwvvv
798 3096 851 3110 (mxv
859 3100 875 3109 Λ
883 3097 939 3109 xlv-»rx
947 3098 978 3109 «ω
987 3097 1273 3112 ΛΛΛΛΛΛΛΛΑΑΑΛΛΛΛΛΑΛ

260 3232 328 3296 les.
342 3232 404 3296 1116.
420 3235 461 3295 ta,
476 3234 584 3296 ister.
615 3232 626 3296 11
656 3233 809 3297 tpupillus
821 3235 971 3295 1166666666,
984 3234 1131 3299 pupllusc
1158 3234 1170 3298 ll
1199 3237 1273 3286 1666

194 3302 507 3365 6,61.1116.16,1,6,1
541 3305 552 3366 11
581 3302 965 3363 6616116666666,(1666660
993 3303 1005 3368 11
1034 3302 1270 3366 6616666166611,

191 3372 223 3435 ci.
239 3372 299 3435 Dia.
315 3375 340 3433 1,
356 3374 380 3434 6,
396 3374 438 3433 tt,
453 3374 467 3420 6
481 3376 506 3422 67
518 3373 617 3421 Probus
629 3375 655 3433 6,
671 3375 701 3420 16
744 3372 755 3435 ll
796 3376 810 3421 6
830 3373 955 3422 restituas
969 3373 1272 3433 Μ66666666,6666166166

195 3442 228 3502 G,
248 3441 281 3505 61.
304 3439 362 3491 Gai.
384 3441 408 3502 1,
430 3441 477 3489 tut
524 3440 535 3503 ΙΙ
583 3441 650 3490 aad
669 3440 747 3505 quus]
767 3455 798 3491 ea
817 3443 1096 3506 6666661166166661.
1117 3442 1235 3492 Huschke
1263 3439 1275 3505 ΙΙ

192 3511 295 3561 testie
307 3509 440 3560 fenestrae
453 3509 570 3559 Huschke
598 3509 609 3571 11
641 3514 671 3558 16
690 3523 760 3574 quae
772 3510 898 3571 Huschke,
913 3510 1031 3575 querno
1059 3511 1071 3574 ΙΙ
1102 3515 1132 3561 tr
1146 3510 1269 3575 magnus]

191 3579 265 3629 mille
277 3580 347 3630 aeris
360 3579 501 3628 Monaesen
530 3578 541 3642 11
571 3581 602 3626 16
622 3579 699 3629 sextil
715 3578 735 3629 C

631 3750 834 3760 -—---—-

1298 909 1312 953 5
