3006 4736
219 343 305 408 viui
618 374 704 388 ..-
748 342 767 403 6
811 375 897 388 ..-

177 532 371 593 9144441444
401 532 484 592 44441
512 533 598 593 44443
626 532 779 593 Romanos
809 550 939 592 censum
969 530 1208 610 profitebantur.
1258 533 1297 594 Vt

215 606 405 680 testamentd
427 618 610 679 manumissi
633 617 725 680 liberi
747 620 827 695 sint,
853 617 906 678 lex
927 615 1094 678 duodecim
1116 616 1295 680 tabularum

215 701 300 782 facit,
326 723 407 783 quae
430 703 592 766 confirmat
617 750 739 766 .....

156 787 194 848 40
302 837 310 851 .
332 836 338 849 .
360 836 367 850 .
389 837 395 850 .
414 788 508 851 hodie
531 800 635 852 autem
660 792 727 870 ipso
750 792 819 851 iure
843 788 935 849 liberi
959 799 1033 850 sunt
1052 807 1092 849 ex
1107 790 1176 870 lege
1191 789 1292 870 lunia,

215 893 278 955 qua
299 876 369 955 lege
392 876 491 937 Latini
512 877 592 956 4444
614 877 795 937 nominatim
817 875 901 935 inter
923 875 1038 936 amicos
1060 876 1256 937 manumissi.
1314 887 1328 933 a

155 959 189 1019 44
299 960 523 1024 Dediticiorum
546 981 679 1024 numero
702 971 776 1023 sunt
794 962 849 1040 qui
864 979 984 1041 poenae
999 979 1091 1022 eausa
1107 962 1206 1023 uincti
1221 973 1296 1024 sunt

213 1065 231 1106 a
253 1046 390 1127 domino,
415 1047 576 1129 quibusue
599 1050 741 1128 stigmata
756 1049 874 1127 scripta
890 1046 1029 1129 inerunt,
1056 1048 1151 1127 quiue
1165 1058 1296 1129 propter

214 1151 326 1195 noxam
355 1134 428 1195 torti
450 1143 665 1213 nocentesque
690 1134 814 1195 inuenti
836 1143 924 1211 3444,
956 1134 1053 1212 quiue
1076 1133 1183 1195 traditi
1206 1147 1291 1212 3444,

127 1290 129 1293 ,
213 1228 248 1280 44
277 1217 361 1281 44114
390 1228 446 1282 444
475 1239 546 1282 oum
575 1218 687 1281 bestiis
716 1219 952 1300 depugnarent,
984 1220 1034 1281 4444
1055 1221 1087 1281 iu
1110 1220 1216 1282 iudum
1241 1222 1293 1282 441

212 1304 386 1368 custodiam
409 1306 542 1367 coniecti
565 1304 704 1383 inerunt,
729 1305 844 1367 deinde
861 1304 1094 1386 quoquomodo
1109 1308 1295 1368 manumissi
1315 1320 1346 1365 44

213 1400 305 1454 sunt:
332 1391 429 1471 idque
452 1392 505 1452 lex
527 1390 615 1453 Aelia
638 1393 742 1454 Sentio
764 1392 848 1454 facit.
1120 1451 1123 1455 ,
1288 1420 1292 1427 ’

155 1479 194 1539 44
299 1476 416 1541 Ε414441
447 1478 513 1557 lege
543 1487 670 1540 cautum
699 1487 762 1558 434,
794 1488 831 1539 44
859 1480 961 1539 144441
987 1478 1115 1558 triginta
1141 1497 1294 1540 annorum

213 1582 325 1625 seruus
347 1563 490 1625 uindicta
513 1565 725 1626 manumissus
755 1566 835 1626 ciuis
857 1565 1015 1626 Romanus
1041 1583 1104 1626 non
1131 1566 1202 1641 4444,
1233 1566 1296 1625 4434

212 1648 299 1728 apud
322 1649 485 1711 eonsilium
508 1668 601 1712 eausa
623 1650 755 1730 probata
773 1649 885 1712 fuerit:
912 1649 984 1711 ideo
1002 1650 1071 1712 3444
1087 1652 1213 1712 consilio
1228 1670 1296 1711 ma-

212 1736 390 1797 numissum
407 1735 550 1796 Caesaris
572 1755 701 1797 seruum
724 1754 853 1798 manere
876 1745 976 1816 putat.
1016 1746 1204 1799 testamento
1219 1756 1296 1799 uero
1316 1750 1347 1796 45

213 1821 441 1883 manumissum
463 1821 597 1901 perinde
621 1822 732 1885 baberi
754 1822 853 1901 iubet,
879 1832 974 1903 atque
998 1824 1025 1883 si
1045 1821 1165 1884 domini
1181 1825 1296 1885 uolun-

154 1905 275 1967 434444
298 1907 331 1966 44
353 1906 499 1968 libertate
522 1918 616 1987 esset,
642 1908 778 1989 ideoque
795 1909 923 1970 Latinus
939 1909 984 1969 fit.
1024 1907 1141 1971 Eadem
1156 1911 1209 1971 lex
1224 1929 1295 1971 eum

213 1990 386 2071 dominum,
413 1995 469 2074 qui
492 1997 595 2055 minor
616 1996 731 2076 uiginti
750 2013 905 2057 annorum
921 2005 978 2072 est,
1005 1994 1152 2075 probibet
1167 2015 1296 2058 seruum

213 2080 453 2158 manumittere,
482 2090 705 2162 praeterquam
729 2084 755 2143 si
778 2072 1013 2161 oausam‘apud
1034 2082 1199 2143 consilium
1221 2101 1298 2162 pro-

142 2163 195 2223 434
212 2162 346 2227 bauerit.
394 2167 428 2227 ln
451 2168 580 2229 consilio
602 2178 706 2230 autem
730 2167 923 2230 adhibentur
945 2169 1057 2229 Romae
1079 2169 1221 2248 quinque
1244 2187 1296 2230 se·
1315 2180 1347 2226 44

212 2261 337 2313 4444143
366 2261 397 2314 44
427 2254 569 2333 quinque
599 2257 723 2335 equites
746 2256 893 2333 Romani,
925 2255 958 2314 in
987 2254 1160 2334 prouinciis
1183 2255 1295 2334 uiginti

154 2335 191 2396 ti
212 2339 439 2418 reciperatores
467 2341 554 2403 ciues
576 2341 717 2402 Romani.
764 2340 814 2402 Ab
844 2361 879 2402 eo
909 2340 1036 2402 domino
1064 2341 1118 2420 qui
1146 2339 1296 2402 soluendo

212 2442 273 2485 non
301 2423 349 2486 est
377 2444 490 2487 seruus
519 2436 706 2489 testamento
736 2427 819 2489 liber
848 2446 917 2489 esse
947 2428 1051 2488 iussus
1075 2436 1105 2488 et
1128 2427 1222 2488 heres
1244 2427 1296 2487 in-

211 2512 352 2588 34444443,
378 2522 409 2573 44
432 2513 459 2573 34
482 2514 584 2572 144441
605 2513 646 2573 344
668 2513 798 2593 triginta
820 2514 911 2575 44443
933 2513 986 2573 444
1008 2514 1042 2573 44
1066 2532 1102 2574 44
1125 2531 1218 2574 causa
1241 2513 1291 2581 444,

210 2606 247 2658 44
268 2596 439 2659 dediticius
462 2598 531 2659 fieri
554 2597 686 2674 debeat,
717 2600 797 2661 cinis
819 2600 975 2660 Romanus
1004 2608 1035 2659 et
1065 2599 1158 2659 heres
1176 2598 1231 2679 fit:
1267 2600 1292 2659 si
1314 2611 1346 2658 ao

210 2693 315 2744 tamen
346 2683 427 2744 alius
457 2703 497 2745 ex
525 2704 561 2745 eo
591 2694 777 2747 testamento
805 2703 897 2746 nemo
926 2685 1020 2745 heres
1050 2686 1102 2745 sit.
1154 2683 1239 2765 quod
1268 2685 1293 2745 si

211 2766 273 2828 duo
295 2768 447 2847 pluresue
470 2769 564 2831 liberi
588 2771 785 2850 heredesque
809 2789 877 2832 esse
900 2771 978 2831 iussi
1001 2772 1074 2849 sint,
1106 2772 1208 2850 primo
1230 2772 1295 2831 4444

121 2854 125 2861 ’
211 2853 348 2933 scriptus
370 2854 507 2916 liberet
529 2857 624 2918 heres
647 2858 692 2935 iit,
718 2855 804 2936 quod
826 2865 858 2916 et
880 2857 984 2936 ipsum
1007 2857 1058 2918 lex
1080 2855 1168 2917 Aelio
1192 2858 1294 2918 Seutia

152 2936 296 3000 etfacit.
343 2937 461 3001 Eadem
489 2942 541 3002 lex
570 2943 603 3003 in
629 2941 771 3004 fraudem
793 2941 958 3002 creditoris
981 2952 1012 3003 et
1034 2944 1158 3021 patroni
1182 2962 1295 3004 manu-

210 3024 338 3086 mittere
360 3025 519 3106 prohibet.
1313 3043 1345 3088 11

213 3180 476 3195 axsxsxvvvxlvwvvvvvm
480 3182 486 3193 l
490 3182 789 3195 »lxlvxnlvvvvmtvvvvvxm
793 3184 1092 3198 υννυννννννυνννννννν
1096 3186 1188 3197 νννννν
1192 3188 1204 3195 ν
1208 3185 1267 3197 xlvvv
1271 3188 1282 3195 w
1286 3187 1292 3196 x

279 3271 363 3329 apost
376 3266 558 3317 confirmatio
573 3267 747 3330 coequentur
755 3282 783 3331 p.
799 3273 823 3329 5,
839 3273 901 3318 4-4
910 3279 933 3330 4,
948 3270 980 3332 44.
992 3271 1078 3333 praef.
1093 3273 1246 3321 senteutiam
1258 3273 1295 3320 oio
1385 3277 1387 3282 ·

209 3335 264 3398 4414
276 3338 383 3398 cupieos
399 3349 469 3400 quae
482 3335 627 3386 confirmat
638 3351 669 3387 44
682 3351 752 3401 quae
764 3341 877 3389 testator
889 3339 923 3389 de
935 3340 992 3389 suis
1004 3339 1087 3390 robus
1099 3340 1265 3404 disposuerit
1285 3336 1296 3404 ΙΙ

104 3402 106 3407 ’
210 3406 224 3453 4
244 3406 317 3455 initio
335 3403 348 3469 4
363 3409 393 3454 44
408 3406 538 3468 4144444444
550 3408 751 3457 interciderunt:
771 3409 818 3471 qni
830 3421 884 3458 non
898 3409 1017 3472 legitime
1030 3409 1191 3459 manumissi
1205 3411 1291 3458 erant.

210 3473 258 3523 sed
277 3473 351 3524 nuda
369 3474 544 3525 dominorum
562 3475 702 3526 uoluntate
721 3476 845 3526 libertate
865 3477 957 3527 donati
976 3481 1068 3538 erant,
1094 3478 1170 3527 44441,
1181 3477 1292 3541 quidem

209 3545 283 3593 34144
300 3542 493 3604 remanebant,
512 3547 622 3608 praetor
639 3549 730 3595 autem
749 3559 796 3596 443
814 3547 841 3595 44
862 3545 994 3596 libertatis
1006 3547 1179 3611 possessione
1198 3545 1295 3596 tueba-

209 3615 254 3661 tur
280 3609 291 3678 44
320 3611 430 3675 issant]
445 3612 543 3663 34440
570 3610 581 3679 ΙΙ
610 3615 769 3664 nominatim
783 3614 866 3679 Huqo,
887 3615 1294 3679 4441444444044444444144444444

208 3682 281 3731 oiiud
297 3683 349 3731 41444
365 3684 579 3743 interpunctionis
597 3685 700 3747 1441144414
717 3697 823 3733 erutum
840 3687 888 3745 est)
923 3679 934 3749 ΙΙ
969 3689 982 3733 4
1008 3684 1144 3748 quibusue
1169 3685 1293 3747 stigmata

211 3750 341 3809 0444444444,
355 3750 456 3814 quibus
468 3751 583 3814 uestigia
598 3752 618 3802 0
633 3748 643 3820 11
661 3754 792 3818 inscripta
807 3753 865 3803 Gai.
882 3759 906 3814 4,
922 3758 963 3812 ie,
978 3753 1010 3816 44.
1027 3758 1112 3804 tumeo
1127 3754 1291 3815 Quinctilius.

207 3818 325 3878 7,4,44“
356 3816 367 3885 14
400 3822 483 3883 quiue
502 3820 641 3885 8444444444,
661 3822 750 3885 quic
782 3819 794 3887 ΙΙ
828 3823 906 3873 9444
925 3824 952 3872 44
971 3821 1066 3872 ludum
1085 3836 1135 3871 om.
1153 3823 1186 3881 0,
1206 3824 1290 3883 suppl.

208 3886 334 3951 8444444444
345 3902 380 3938 eu
394 3887 459 3939 Gaio
472 3895 496 3951 4,
512 3893 545 3941 tt
561 3886 571 3956 ΙΙ
590 3894 617 3939 44
640 3891 692 3941 4444
705 3891 801 3954 sentia]
816 3893 890 3943 ascia
907 3891 926 3941 0
942 3887 952 3957 ΙΙ
971 3892 1101 3955 44444414
1118 3891 1137 3940 0
1152 3888 1163 3956 ΙΙ
1182 3894 1212 3938 ti
1227 3904 1294 3941 con-

207 3956 299 4005 silium
315 3956 335 4007 0
351 3954 362 4024 4
380 3961 410 4008 tt
424 3960 542 4009 caesaris
557 3959 584 4020 0,
600 3960 726 4011 44144444
737 3962 828 4011 Sentio
839 3961 927 4020 Hertz,
943 3960 1052 4010 Cassius
1062 3960 1160 4009 Pucito
1183 3956 1188 4025 Ι
1204 3964 1294 4010 4414-

206 4025 281 4074 111444
296 4023 317 4074 0
337 4022 348 4092 4
369 4029 397 4075 44
414 4028 556 4092 prouincia
573 4029 593 4079 0
614 4023 625 4093 ΙΙ
647 4025 953 4094 441444441444143014
970 4028 1154 4079 4444444430
1206 4033 1238 4078 tt
1252 4032 1293 4078 te-

207 4095 373 4227 Ztarpentifti
399 4092 410 4162 ΙΙ
438 4097 660 4149 444444414441104
687 4094 698 4164 ΙΙ
727 4102 759 4147 45
778 4097 816 4159 iit]
835 4096 904 4147 sitG
931 4093 942 4163 ΙΙ
970 4100 1002 4145 48
1021 4098 1088 4147 44444
1103 4097 1198 4160 sentia]
1219 4099 1293 4148 ascia

297 4166 328 4213 49
359 4165 480 4217 1441440
