3006 4736
592 314 882 367 ‚mvl-.-

199 509 285 559 certa
308 498 484 560 coniectura
505 497 632 576 explere
655 496 746 558 nobis
767 488 834 558 non'
845 497 990 577 contigit,
1014 497 1147 578 singulis
1163 497 1277 558 litteris

200 603 281 664 quae
302 585 468 664 perierunt
488 583 627 644 stellulas
649 582 888 661 substituimus,
919 584 1053 644 maiores
1073 582 1194 661 hiatus,
1224 584 1278 661 qui

200 679 275 750 quot
290 670 404 732 litteris
420 669 619 732 constiterint
634 679 719 732 certo
734 671 829 730 statui
845 687 906 730 non
922 678 1039 749 potest,
1063 669 1156 730 lineis
1175 704 1278 712 —-

200 757 424 836 expressimus
457 764 564 816 contra
580 755 650 816 aliis
665 754 815 833 stellulis,
842 773 924 834 quae
939 774 1035 835 supra
1051 755 1167 824 lineam
1183 772 1277 834 quam

200 841 311 903 dicunt
326 841 470 902 collocata
486 848 570 920 sunt,
589 859 642 903 eas
658 841 744 902 Pauli
759 842 933 903 sententias
948 859 1029 921 quae
1046 842 1078 902 in
1090 844 1204 920 Legem
1216 840 1276 900 Ro—

199 945 322 989 manam
343 926 589 1007 Wisigotborum
610 937 755 1007 receptae
776 946 838 988 non
859 936 949 1006 sunt,
977 936 1008 988 et
1029 946 1065 988 ea
1086 926 1209 1007 leiani
1226 944 1278 986 re-

200 1013 345 1092 gularum
358 1013 540 1093 fragmenta,
553 1009 640 1092 ¹quae
656 1014 690 1074 in
706 1014 841 1093 epitoma
853 1015 999 1075 Vaticana
1011 1032 1073 1074 non
1091 1021 1207 1090 extant,
1228 1014 1279 1072 in-

198 1100 359 1179 clusimus,
376 1101 466 1161 uelut
481 1101 514 1160 in
529 1099 644 1179 pagina
661 1100 700 1159 iii
716 1117 828 1161 uersus
844 1099 862 1158 5
876 1118 946 1180 sqq.

285 1186 319 1247 In
343 1184 542 1247 adnotatione
565 1185 670 1246 critica
691 1184 814 1247 codices
829 1184 870 1246 ad
885 1195 1007 1247 textum
1022 1183 1278 1246 constituendum

199 1271 334 1333 adhibiti
357 1271 491 1351 singulis
513 1271 627 1332 litteris
649 1271 807 1333 inclinatis
828 1281 859 1332 et
882 1280 952 1352 post
972 1270 1114 1333 codicum
1129 1271 1279 1332 lectiones

200 1358 353 1419 collocatis
368 1355 499 1418 indicati
514 1365 604 1417 sunt:
628 1356 803 1437 quecquid
819 1358 852 1418 in
868 1376 994 1438 quoque
1009 1358 1163 1438 scriptore
1179 1357 1279 1437 signi-

200 1443 309 1522 iicent,
335 1444 368 1504 in
389 1441 638 1524 praefationibus
660 1444 833 1522 unicuique
854 1445 1003 1523 opusculo
1024 1443 1206 1524 praemissis
1222 1461 1279 1503 ex-

199 1530 349 1609 plicatum
365 1538 423 1590 est.
462 1537 602 1590 ceterum
618 1539 690 1589 nota
709 1529 732 1590 0
738 1576 746 1607 ‚
771 1531 798 1589 si
820 1529 904 1609 quod
922 1549 1001 1610 opus
1015 1548 1079 1590 uno
1094 1528 1199 1591 codiee
1215 1529 1278 1590 solo

200 1614 351 1677 traditum
366 1624 429 1693 est,
447 1613 487 1675 ad
503 1615 588 1675 huno
603 1614 846 1694 significandum
860 1616 911 1676 usi
926 1633 1051 1694 sumus,
1070 1615 1160 1677 uelut
1176 1617 1209 1674 in
1224 1613 1278 1675 Vl-

200 1702 286 1780 piani
302 1702 421 1780 regulis
436 1709 467 1761 et
481 1701 514 1761 in
531 1699 714 1779 fragmentis
730 1700 769 1762 de
783 1702 850 1763 iure
867 1702 946 1763 fisci.
973 1701 1121 1763 litterulis
1137 1695 1279 1761 ‘leodi-

201 1806 271 1848 oum
293 1788 375 1848 notis
395 1787 576 1867 postpositis
591 1785 833 1867 distinguuntur
848 1787 964 1849 codicis
980 1790 1153 1868 scripturae
1167 1787 1280 1868 primi-

201 1875 266 1933 tiua
286 1871 374 1954 [ug.
390 1871 435 1953 θ’)
454 1881 486 1933 et
501 1872 667 1934 emendata
688 1868 766 1955 (Cb).
801 1873 924 1935 silentio
939 1874 1211 1952 praetermisimus
1226 1891 1279 1933 eas

200 1957 343 2020 codicum
355 1959 514 2037 lectiones,
534 1977 615 2038 quae
630 1959 684 2020 uel
700 1960 732 2020 in
744 1960 989 2040 orthographicis
1001 1961 1052 2021 uel
1064 1960 1097 2020 in
1108 1957 1279 2020 uerborum

201 2044 357 2106 diuisione
379 2063 398 2105 a
418 2054 524 2105 nostro
546 2053 695 2106 contextu
716 2044 886 2107 recedunt:
912 2065 949 2107 ao
963 2064 1003 2107 ne
1020 2047 1053 2106 in
1069 2044 1280 2126 discrepanti-

202 2130 262 2191 bus
283 2128 412 2210 quidem
434 2130 623 2192 lectionibus
638 2129 858 2193 exscribendis
874 2150 942 2193 eam
958 2132 1129 2193 uerborum
1145 2130 1279 2193 diuisio-

200 2235 273 2278 nem
292 2235 374 2297 quae
394 2215 535 2278 librariis
556 2217 673 2298 placuit
694 2226 815 2279 mutare
839 2217 1071 2297 dubitauimuS,
1096 2217 1198 2280 sicubi
1221 2217 1280 2278 boo

200 2302 290 2364 modo
307 2303 431 2366 facilius
447 2302 655 2364 demonstrari
671 2322 762 2383 posse
778 2301 959 2383 uidebatur,
978 2304 1096 2384 quibus
1107 2303 1216 2366 uerbis
1226 2303 1279 2364 uel

200 2389 314 2451 litteris
329 2388 543 2471 discrepantia
559 2387 748 2450 efficeretur.

286 2477 449 2538 Praeterea
465 2476 580 2556 passim
597 2475 647 2535 his
663 2475 837 2555 scripturae
854 2475 1049 2554 compendiis
1063 2477 1113 2538 usi
1128 2493 1252 2538 sumus:

306 2631 366 2682 Cod.
381 2651 412 2673 =
427 2629 517 2680 Codex
530 2630 694 2680 iustinianus

305 2699 368 2748 Coti.
383 2719 414 2742 =
428 2699 541 2749 collatio
559 2698 649 2762 legum
667 2698 849 2748 Mosaicarum
868 2701 894 2749 et
911 2698 1102 2749 Romanarum.
1143 2697 1222 2750 Cotta
1240 2702 1281 2749 est

430 2767 552 2818 eiusdem
569 2767 655 2817 codex
666 2767 859 2829 Berolinensis,
880 2766 945 2816 oiim
958 2767 1070 2828 Pithoei,
1095 2768 1180 2820 uoltu
1194 2767 1279 2817 codex

430 2835 658 2897 vindobonensis,
676 2835 755 2886 Coit.v
768 2836 854 2886 codex
867 2836 1046 2887 vercellensis

305 2902 379 2953 Coos.
395 2923 427 2946 =
441 2904 607 2954 Consultatio
619 2905 720 2954 ueteris
732 2905 908 2956 iureconsulti

304 2972 363 3035 Dig.
379 2992 410 3015 =
423 2973 531 3036 Digesta
542 2973 684 3023 Iustiniani

304 3040 366 3089 F=
380 3041 549 3104 Digestorum
563 3041 648 3097 codex
661 3040 829 3093 Florentinus

306 3109 363 3160 Gai.
378 3128 410 3152 ==
425 3111 473 3160 Gai
486 3111 670 3161 institutiones

304 3178 378 3228 Paul.
393 3198 425 3222 ε
439 3179 514 3229 Pauli
526 3181 674 3231 sententiae

306 3248 361 3298 Vct.
377 3266 408 3290 ιι
422 3250 551 3299 Vaticana
563 3248 716 3313 fragmenta¹

306 3317 360 3378 le.
375 3336 406 3360 ε
420 3317 528 3383 leiani
541 3317 611 3369 liber
623 3317 767 3382 singularis
779 3317 933 3382 regularum

285 3454 319 3514 ln
341 3454 399 3514 hoc
420 3464 503 3516 tomo
519 3452 711 3536 perficiendo
728 3454 1003 3535 diligentissimam
1019 3473 1125 3535 opem,
1151 3465 1186 3517 ut
1201 3456 1280 3517 solet

199 3540 318 3618 amicis,
337 3541 414 3601 mihi
431 3542 502 3603 tulit
518 3541 692 3603 Guilelmus
708 3540 920 3603 Studemund.
1235 3552 1247 3573 Χ

283 3677 460 3757 Regimonti
477 3677 529 3739 die
544 3698 565 3739 x
580 3698 623 3740 m.
642 3679 711 3740 Iulii
731 3678 811 3739 ⁴878
838 3704 841 3707 ‘

919 3828 1050 3896 Paulus
1072 3829 1235 3911 liruegor
