<?xml version="1.0" encoding="UTF-8"?>
<!DOCTYPE html PUBLIC "-//W3C//DTD XHTML 1.0 Transitional//EN"
    "http://www.w3.org/TR/xhtml1/DTD/xhtml1-transitional.dtd">
<html xmlns="http://www.w3.org/1999/xhtml" xml:lang="en" lang="en">
 <head>
  <title>
</title>
<meta http-equiv="Content-Type" content="text/html;charset=utf-8" />
  <meta name='ocr-system' content='tesseract 3.04.00' />
  <meta name='ocr-capabilities' content='ocr_page ocr_carea ocr_par ocr_line ocrx_word'/>
</head>
<body>
  <div class='ocr_page' id='page_1' title='image "./collectiolibror02paulgoog_0109.png"; bbox 0 0 3010 4738; ppageno 0'>
   <div class='ocr_carea' id='block_1_1' title="bbox 234 347 923 409">
    <p class='ocr_par' dir='ltr' id='par_1_1' title="bbox 234 347 923 409">
     <span class='ocr_line' id='line_1_1' title="bbox 234 347 923 409; baseline -0.001 -11"><span class='ocrx_word' id='word_1_1' title='bbox 234 347 448 409; x_wconf 66' lang='lat' dir='ltr'>mutini-a</span> <span class='ocrx_word' id='word_1_2' title='bbox 623 381 709 397; x_wconf 86' lang='lat'>....</span> <span class='ocrx_word' id='word_1_3' title='bbox 752 347 795 409; x_wconf 80' lang='lat'>96</span> <span class='ocrx_word' id='word_1_4' title='bbox 837 380 923 397; x_wconf 83' lang='grc'>...-</span> 
     </span>
    </p>
   </div>
   <div class='ocr_carea' id='block_1_2' title="bbox 171 533 1366 2338">
    <p class='ocr_par' dir='ltr' id='par_1_2' title="bbox 171 533 1366 2338">
     <span class='ocr_line' id='line_1_2' title="bbox 232 533 1311 616; baseline -0.001 -20"><span class='ocrx_word' id='word_1_5' title='bbox 232 537 340 598; x_wconf 91' lang='lat' dir='ltr'>lictum</span> <span class='ocrx_word' id='word_1_6' title='bbox 370 554 570 616; x_wconf 88' lang='lat' dir='ltr'>quocumque</span> <span class='ocrx_word' id='word_1_7' title='bbox 592 535 683 599; x_wconf 91' lang='lat' dir='ltr'>modo</span> <span class='ocrx_word' id='word_1_8' title='bbox 705 536 808 616; x_wconf 87' lang='lat' dir='ltr'>patria</span> <span class='ocrx_word' id='word_1_9' title='bbox 829 545 982 616; x_wconf 81' lang='lat' dir='ltr'>potestate</span> <span class='ocrx_word' id='word_1_10' title='bbox 1009 533 1142 597; x_wconf 88' lang='lat' dir='ltr'>liberato</span> <span class='ocrx_word' id='word_1_11' title='bbox 1163 533 1311 598; x_wconf 91' lang='lat' dir='ltr'>debetur.</span> 
     </span>
     <span class='ocr_line' id='line_1_3' title="bbox 177 610 1313 702; baseline -0.001 -18"><span class='ocrx_word' id='word_1_12' title='bbox 177 625 213 684; x_wconf 80' lang='lat' dir='ltr'>ta</span> <span class='ocrx_word' id='word_1_13' title='bbox 232 610 492 702; x_wconf 82' lang='lat' dir='ltr'>Rogati&#39;inuicem</span> <span class='ocrx_word' id='word_1_14' title='bbox 515 621 595 700; x_wconf 89' lang='lat' dir='ltr'>sibi,</span> <span class='ocrx_word' id='word_1_15' title='bbox 614 623 641 684; x_wconf 96' lang='lat' dir='ltr'>si</span> <span class='ocrx_word' id='word_1_16' title='bbox 656 622 726 684; x_wconf 90' lang='lat' dir='ltr'>sine</span> <span class='ocrx_word' id='word_1_17' title='bbox 741 621 852 685; x_wconf 90' lang='lat' dir='ltr'>liberis</span> <span class='ocrx_word' id='word_1_18' title='bbox 871 621 1085 700; x_wconf 82' lang='lat' dir='ltr'>decesserint,</span> <span class='ocrx_word' id='word_1_19' title='bbox 1105 619 1313 683; x_wconf 72' lang='lat' dir='ltr'>hereditatem</span> 
     </span>
     <span class='ocr_line' id='line_1_4' title="bbox 234 705 1314 786; baseline -0.002 -17"><span class='ocrx_word' id='word_1_20' title='bbox 234 709 416 786; x_wconf 80' lang='lat' dir='ltr'>restituere,</span> <span class='ocrx_word' id='word_1_21' title='bbox 448 708 547 769; x_wconf 89' lang='lat' dir='ltr'>altero</span> <span class='ocrx_word' id='word_1_22' title='bbox 569 707 744 769; x_wconf 83' lang='lat' dir='ltr'>decedente</span> <span class='ocrx_word' id='word_1_23' title='bbox 766 709 835 770; x_wconf 89' lang='lat' dir='ltr'>sine</span> <span class='ocrx_word' id='word_1_24' title='bbox 858 707 969 769; x_wconf 91' lang='lat' dir='ltr'>liberis</span> <span class='ocrx_word' id='word_1_25' title='bbox 994 706 1156 771; x_wconf 88' lang='lat' dir='ltr'>hereditas</span> <span class='ocrx_word' id='word_1_26' title='bbox 1178 705 1219 769; x_wconf 87' lang='lat' dir='ltr'>ad</span> <span class='ocrx_word' id='word_1_27' title='bbox 1241 726 1314 770; x_wconf 89' lang='lat' dir='ltr'>eum</span> 
     </span>
     <span class='ocr_line' id='line_1_5' title="bbox 233 794 1313 875; baseline -0.003 -19"><span class='ocrx_word' id='word_1_28' title='bbox 233 794 379 874; x_wconf 92' lang='lat' dir='ltr'>peruenit</span> <span class='ocrx_word' id='word_1_29' title='bbox 398 794 454 874; x_wconf 95' lang='lat' dir='ltr'>qui</span> <span class='ocrx_word' id='word_1_30' title='bbox 469 795 662 874; x_wconf 81' lang='lat' dir='ltr'>superuixit:</span> <span class='ocrx_word' id='word_1_31' title='bbox 682 812 743 857; x_wconf 87' lang='lat' dir='ltr'>nec</span> <span class='ocrx_word' id='word_1_32' title='bbox 758 813 799 856; x_wconf 80' lang='lat' dir='ltr'>ex</span> <span class='ocrx_word' id='word_1_33' title='bbox 814 813 851 856; x_wconf 90' lang='lat' dir='ltr'>eo</span> <span class='ocrx_word' id='word_1_34' title='bbox 865 795 980 875; x_wconf 87' lang='lat' dir='ltr'>pacisci</span> <span class='ocrx_word' id='word_1_35' title='bbox 997 805 1104 856; x_wconf 88' lang='lat' dir='ltr'>contra</span> <span class='ocrx_word' id='word_1_36' title='bbox 1118 794 1313 856; x_wconf 89' lang='lat' dir='ltr'>uoluntatem</span> 
     </span>
     <span class='ocr_line' id='line_1_6' title="bbox 177 874 1349 961; baseline -0.004 -20"><span class='ocrx_word' id='word_1_37' title='bbox 177 883 213 942; x_wconf 82' lang='lat' dir='ltr'>li</span> <span class='ocrx_word' id='word_1_38' title='bbox 232 881 390 942; x_wconf 89' lang='lat' dir='ltr'>testatoris</span> <span class='ocrx_word' id='word_1_39' title='bbox 405 889 547 961; x_wconf 88' lang='lat' dir='ltr'>possunt.</span> <span class='ocrx_word' id='word_1_40' title='bbox 595 881 694 942; x_wconf 87' lang='lat' dir='ltr'>Heres</span> <span class='ocrx_word' id='word_1_41' title='bbox 709 890 781 943; x_wconf 88' lang='lat' dir='ltr'>ante</span> <span class='ocrx_word' id='word_1_42' title='bbox 803 874 921 943; x_wconf 84' lang='lat' dir='ltr'>aditam</span> <span class='ocrx_word' id='word_1_43' title='bbox 943 879 1170 955; x_wconf 84' lang='lat' dir='ltr'>hereditatem,</span> <span class='ocrx_word' id='word_1_44' title='bbox 1195 880 1349 960; x_wconf 75' lang='lat' dir='ltr'>legata-e</span> 
     </span>
     <span class='ocr_line' id='line_1_7' title="bbox 233 965 1313 1047; baseline 0 -21"><span class='ocrx_word' id='word_1_45' title='bbox 233 967 298 1027; x_wconf 93' lang='lat' dir='ltr'>rius</span> <span class='ocrx_word' id='word_1_46' title='bbox 320 974 491 1046; x_wconf 89' lang='lat' dir='ltr'>antequam</span> <span class='ocrx_word' id='word_1_47' title='bbox 518 965 656 1045; x_wconf 77' lang='lat' dir='ltr'>legatum</span> <span class='ocrx_word' id='word_1_48' title='bbox 678 967 829 1047; x_wconf 91' lang='lat' dir='ltr'>accipiat,</span> <span class='ocrx_word' id='word_1_49' title='bbox 855 966 1131 1028; x_wconf 85' lang='lat' dir='ltr'>fideicommissum</span> <span class='ocrx_word' id='word_1_50' title='bbox 1155 975 1313 1046; x_wconf 86' lang='lat' dir='ltr'>praestare</span> 
     </span>
     <span class='ocr_line' id='line_1_8' title="bbox 176 1050 1315 1132; baseline -0.001 -19"><span class='ocrx_word' id='word_1_51' title='bbox 176 1053 213 1113; x_wconf 80' lang='lat' dir='ltr'>lt</span> <span class='ocrx_word' id='word_1_52' title='bbox 232 1070 294 1112; x_wconf 89' lang='lat' dir='ltr'>non</span> <span class='ocrx_word' id='word_1_53' title='bbox 310 1061 453 1132; x_wconf 88' lang='lat' dir='ltr'>possunt.</span> <span class='ocrx_word' id='word_1_54' title='bbox 500 1053 577 1113; x_wconf 87' lang='lat' dir='ltr'>Rem</span> <span class='ocrx_word' id='word_1_55' title='bbox 593 1050 865 1114; x_wconf 78' lang='lat' dir='ltr'>fideicommissum</span> <span class='ocrx_word' id='word_1_56' title='bbox 881 1054 907 1113; x_wconf 93' lang='lat' dir='ltr'>si</span> <span class='ocrx_word' id='word_1_57' title='bbox 923 1053 1016 1115; x_wconf 90' lang='lat' dir='ltr'>heres</span> <span class='ocrx_word' id='word_1_58' title='bbox 1030 1050 1213 1116; x_wconf 91' lang='lat' dir='ltr'>uendiderit</span> <span class='ocrx_word' id='word_1_59' title='bbox 1228 1071 1315 1115; x_wconf 88' lang='lat' dir='ltr'>eam-</span> 
     </span>
     <span class='ocr_line' id='line_1_9' title="bbox 232 1137 1314 1219; baseline 0 -19"><span class='ocrx_word' id='word_1_60' title='bbox 232 1155 295 1217; x_wconf 87' lang='lat' dir='ltr'>que</span> <span class='ocrx_word' id='word_1_61' title='bbox 317 1139 422 1199; x_wconf 90' lang='lat' dir='ltr'>sciens</span> <span class='ocrx_word' id='word_1_62' title='bbox 452 1138 658 1218; x_wconf 87' lang='lat' dir='ltr'>compararit,</span> <span class='ocrx_word' id='word_1_63' title='bbox 690 1137 788 1199; x_wconf 92' lang='lat' dir='ltr'>nihilo</span> <span class='ocrx_word' id='word_1_64' title='bbox 811 1139 917 1201; x_wconf 90' lang='lat' dir='ltr'>minus</span> <span class='ocrx_word' id='word_1_65' title='bbox 939 1139 972 1200; x_wconf 91' lang='lat' dir='ltr'>in</span> <span class='ocrx_word' id='word_1_66' title='bbox 993 1139 1227 1219; x_wconf 86' lang='lat' dir='ltr'>possessionem</span> <span class='ocrx_word' id='word_1_67' title='bbox 1244 1139 1314 1200; x_wconf 89' lang='lat' dir='ltr'>eius</span> 
     </span>
     <span class='ocr_line' id='line_1_10' title="bbox 175 1222 1316 1299; baseline 0 -15"><span class='ocrx_word' id='word_1_68' title='bbox 175 1226 212 1286; x_wconf 83' lang='lat' dir='ltr'>lo</span> <span class='ocrx_word' id='word_1_69' title='bbox 231 1222 538 1285; x_wconf 88' lang='lat' dir='ltr'>fideicommissarius</span> <span class='ocrx_word' id='word_1_70' title='bbox 550 1224 629 1285; x_wconf 90' lang='lat' dir='ltr'>mitti</span> <span class='ocrx_word' id='word_1_71' title='bbox 643 1225 711 1285; x_wconf 89' lang='lat' dir='ltr'>iure</span> <span class='ocrx_word' id='word_1_72' title='bbox 727 1222 900 1286; x_wconf 89' lang='lat' dir='ltr'>desiderat.</span> <span class='ocrx_word' id='word_1_73' title='bbox 926 1225 1077 1299; x_wconf 84' lang='lat' dir='ltr'>Quotiens</span> <span class='ocrx_word' id='word_1_74' title='bbox 1089 1223 1211 1286; x_wconf 89' lang='lat' dir='ltr'>libertis</span> <span class='ocrx_word' id='word_1_75' title='bbox 1223 1223 1316 1285; x_wconf 84' lang='lat' dir='ltr'>fidei-</span> 
     </span>
     <span class='ocr_line' id='line_1_11' title="bbox 231 1308 1366 1391; baseline -0.004 -21"><span class='ocrx_word' id='word_1_76' title='bbox 231 1311 431 1372; x_wconf 84' lang='lat' dir='ltr'>commissum</span> <span class='ocrx_word' id='word_1_77' title='bbox 443 1310 648 1390; x_wconf 81' lang='lat' dir='ltr'>relinquitur,</span> <span class='ocrx_word' id='word_1_78' title='bbox 663 1308 704 1372; x_wconf 93' lang='lat' dir='ltr'>ad</span> <span class='ocrx_word' id='word_1_79' title='bbox 715 1328 768 1371; x_wconf 89' lang='lat' dir='ltr'>cos</span> <span class='ocrx_word' id='word_1_80' title='bbox 779 1310 994 1372; x_wconf 89' lang='lat' dir='ltr'>tantummodo</span> <span class='ocrx_word' id='word_1_81' title='bbox 1009 1311 1128 1391; x_wconf 84' lang='lat' dir='ltr'>placuit</span> <span class='ocrx_word' id='word_1_82' title='bbox 1140 1310 1310 1389; x_wconf 87' lang='lat' dir='ltr'>pertinere,</span> <span class='ocrx_word' id='word_1_83' title='bbox 1334 1321 1366 1366; x_wconf 80' lang='lat' dir='ltr'>to</span> 
     </span>
     <span class='ocr_line' id='line_1_12' title="bbox 230 1394 1312 1476; baseline -0.001 -19"><span class='ocrx_word' id='word_1_84' title='bbox 230 1396 286 1476; x_wconf 93' lang='lat' dir='ltr'>qui</span> <span class='ocrx_word' id='word_1_85' title='bbox 308 1396 494 1457; x_wconf 89' lang='lat' dir='ltr'>manumissi</span> <span class='ocrx_word' id='word_1_86' title='bbox 517 1405 589 1457; x_wconf 90' lang='lat' dir='ltr'>sunt</span> <span class='ocrx_word' id='word_1_87' title='bbox 611 1397 664 1457; x_wconf 88' lang='lat' dir='ltr'>uel</span> <span class='ocrx_word' id='word_1_88' title='bbox 679 1397 734 1476; x_wconf 92' lang='lat' dir='ltr'>qui</span> <span class='ocrx_word' id='word_1_89' title='bbox 752 1397 783 1457; x_wconf 92' lang='lat' dir='ltr'>in</span> <span class='ocrx_word' id='word_1_90' title='bbox 800 1394 911 1458; x_wconf 88' lang='lat' dir='ltr'>eodem</span> <span class='ocrx_word' id='word_1_91' title='bbox 931 1405 1119 1459; x_wconf 87' lang='lat' dir='ltr'>testamento</span> <span class='ocrx_word' id='word_1_92' title='bbox 1134 1394 1312 1458; x_wconf 87' lang='lat' dir='ltr'>libertatem</span> 
     </span>
     <span class='ocr_line' id='line_1_13' title="bbox 174 1480 1312 1562; baseline 0.001 -20"><span class='ocrx_word' id='word_1_93' title='bbox 174 1483 212 1543; x_wconf 50' lang='lat'>«17</span> <span class='ocrx_word' id='word_1_94' title='bbox 231 1483 315 1543; x_wconf 90' lang='lat' dir='ltr'>intra</span> <span class='ocrx_word' id='word_1_95' title='bbox 341 1499 505 1544; x_wconf 90' lang='lat' dir='ltr'>numerum</span> <span class='ocrx_word' id='word_1_96' title='bbox 535 1482 711 1562; x_wconf 77' lang='lat' dir='ltr'>legitimum</span> <span class='ocrx_word' id='word_1_97' title='bbox 739 1483 898 1544; x_wconf 86' lang='lat' dir='ltr'>consecuti</span> <span class='ocrx_word' id='word_1_98' title='bbox 921 1492 1006 1544; x_wconf 89' lang='lat' dir='ltr'>sunt.</span> <span class='ocrx_word' id='word_1_99' title='bbox 1054 1482 1112 1543; x_wconf 88' lang='lat' dir='ltr'>Cui</span> <span class='ocrx_word' id='word_1_100' title='bbox 1134 1481 1174 1545; x_wconf 92' lang='lat' dir='ltr'>ab</span> <span class='ocrx_word' id='word_1_101' title='bbox 1196 1480 1312 1543; x_wconf 89' lang='lat' dir='ltr'>herede</span> 
     </span>
     <span class='ocr_line' id='line_1_14' title="bbox 232 1566 1313 1647; baseline 0.002 -20"><span class='ocrx_word' id='word_1_102' title='bbox 232 1566 507 1629; x_wconf 84' lang='lat' dir='ltr'>fideicommissum</span> <span class='ocrx_word' id='word_1_103' title='bbox 530 1586 592 1628; x_wconf 91' lang='lat' dir='ltr'>non</span> <span class='ocrx_word' id='word_1_104' title='bbox 608 1576 804 1647; x_wconf 84' lang='lat' dir='ltr'>praestatur,</span> <span class='ocrx_word' id='word_1_105' title='bbox 828 1587 890 1629; x_wconf 91' lang='lat' dir='ltr'>non</span> <span class='ocrx_word' id='word_1_106' title='bbox 912 1569 1013 1629; x_wconf 89' lang='lat' dir='ltr'>solum</span> <span class='ocrx_word' id='word_1_107' title='bbox 1029 1571 1062 1630; x_wconf 91' lang='lat' dir='ltr'>iu</span> <span class='ocrx_word' id='word_1_108' title='bbox 1085 1587 1135 1630; x_wconf 90' lang='lat' dir='ltr'>res</span> <span class='ocrx_word' id='word_1_109' title='bbox 1151 1567 1313 1636; x_wconf 88' lang='lat' dir='ltr'>heredita·</span> 
     </span>
     <span class='ocr_line' id='line_1_15' title="bbox 174 1651 1313 1735; baseline 0 -21"><span class='ocrx_word' id='word_1_110' title='bbox 174 1657 212 1714; x_wconf 88' lang='lat' dir='ltr'>l8</span> <span class='ocrx_word' id='word_1_111' title='bbox 231 1654 309 1732; x_wconf 91' lang='lat' dir='ltr'>rias,</span> <span class='ocrx_word' id='word_1_112' title='bbox 335 1651 392 1714; x_wconf 93' lang='lat' dir='ltr'>sed</span> <span class='ocrx_word' id='word_1_113' title='bbox 408 1661 440 1714; x_wconf 89' lang='lat' dir='ltr'>ct</span> <span class='ocrx_word' id='word_1_114' title='bbox 456 1653 487 1713; x_wconf 91' lang='lat' dir='ltr'>in</span> <span class='ocrx_word' id='word_1_115' title='bbox 511 1654 656 1735; x_wconf 91' lang='lat' dir='ltr'>proprias</span> <span class='ocrx_word' id='word_1_116' title='bbox 672 1653 799 1715; x_wconf 88' lang='lat' dir='ltr'>heredis</span> <span class='ocrx_word' id='word_1_117' title='bbox 821 1653 992 1717; x_wconf 87' lang='lat' dir='ltr'>inducitur.</span> <span class='ocrx_word' id='word_1_118' title='bbox 1040 1655 1092 1717; x_wconf 90' lang='lat' dir='ltr'>lus</span> <span class='ocrx_word' id='word_1_119' title='bbox 1112 1673 1205 1716; x_wconf 90' lang='lat' dir='ltr'>omne</span> <span class='ocrx_word' id='word_1_120' title='bbox 1221 1652 1313 1715; x_wconf 87' lang='lat' dir='ltr'>fidei-</span> 
     </span>
     <span class='ocr_line' id='line_1_16' title="bbox 178 1737 1365 1820; baseline 0 -21"><span class='ocrx_word' id='word_1_121' title='bbox 178 1743 212 1802; x_wconf 80' lang='grc'>19</span> <span class='ocrx_word' id='word_1_122' title='bbox 230 1739 387 1800; x_wconf 89' lang='lat' dir='ltr'>commissi</span> <span class='ocrx_word' id='word_1_123' title='bbox 402 1757 465 1799; x_wconf 90' lang='lat' dir='ltr'>non</span> <span class='ocrx_word' id='word_1_124' title='bbox 481 1740 514 1799; x_wconf 92' lang='lat' dir='ltr'>in</span> <span class='ocrx_word' id='word_1_125' title='bbox 528 1737 755 1819; x_wconf 85' lang='lat' dir='ltr'>uindicatione,</span> <span class='ocrx_word' id='word_1_126' title='bbox 772 1739 829 1801; x_wconf 89' lang='lat' dir='ltr'>sed</span> <span class='ocrx_word' id='word_1_127' title='bbox 844 1741 877 1801; x_wconf 90' lang='lat' dir='ltr'>in</span> <span class='ocrx_word' id='word_1_128' title='bbox 892 1741 1045 1820; x_wconf 89' lang='lat' dir='ltr'>petitione</span> <span class='ocrx_word' id='word_1_129' title='bbox 1065 1741 1218 1803; x_wconf 87' lang='lat' dir='ltr'>consistit.</span> <span class='ocrx_word' id='word_1_130' title='bbox 1243 1738 1312 1799; x_wconf 84' lang='lat' dir='ltr'>*Fi-</span> <span class='ocrx_word' id='word_1_131' title='bbox 1333 1751 1365 1795; x_wconf 67' lang='grc' dir='ltr'>ιι</span> 
     </span>
     <span class='ocr_line' id='line_1_17' title="bbox 229 1821 1313 1905; baseline 0 -20"><span class='ocrx_word' id='word_1_132' title='bbox 229 1821 502 1886; x_wconf 82' lang='lat' dir='ltr'>*deicommissum</span> <span class='ocrx_word' id='word_1_133' title='bbox 530 1824 678 1893; x_wconf 86' lang='lat' dir='ltr'>relictum</span> <span class='ocrx_word' id='word_1_134' title='bbox 697 1834 729 1886; x_wconf 92' lang='lat' dir='ltr'>et</span> <span class='ocrx_word' id='word_1_135' title='bbox 750 1824 836 1905; x_wconf 87' lang='lat' dir='ltr'>apud</span> <span class='ocrx_word' id='word_1_136' title='bbox 862 1846 934 1888; x_wconf 91' lang='lat' dir='ltr'>eum</span> <span class='ocrx_word' id='word_1_137' title='bbox 955 1829 1006 1888; x_wconf 91' lang='lat' dir='ltr'>cui</span> <span class='ocrx_word' id='word_1_138' title='bbox 1028 1826 1174 1888; x_wconf 90' lang='lat' dir='ltr'>relictum</span> <span class='ocrx_word' id='word_1_139' title='bbox 1200 1834 1248 1888; x_wconf 88' lang='lat' dir='ltr'>est</span> <span class='ocrx_word' id='word_1_140' title='bbox 1272 1844 1313 1886; x_wconf 80' lang='lat' dir='ltr'>ex</span> 
     </span>
     <span class='ocr_line' id='line_1_18' title="bbox 229 1909 1312 1993; baseline 0.001 -23"><span class='ocrx_word' id='word_1_141' title='bbox 229 1910 342 1971; x_wconf 76' lang='lat' dir='ltr'>*eausa</span> <span class='ocrx_word' id='word_1_142' title='bbox 362 1909 516 1973; x_wconf 88' lang='lat' dir='ltr'>lucratiua</span> <span class='ocrx_word' id='word_1_143' title='bbox 537 1912 703 1973; x_wconf 87' lang='lat' dir='ltr'>iuuentum</span> <span class='ocrx_word' id='word_1_144' title='bbox 729 1913 870 1990; x_wconf 77' lang='lat' dir='ltr'>extingui</span> <span class='ocrx_word' id='word_1_145' title='bbox 890 1913 1025 1993; x_wconf 83' lang='lat' dir='ltr'>placuit,</span> <span class='ocrx_word' id='word_1_146' title='bbox 1058 1913 1121 1974; x_wconf 91' lang='lat' dir='ltr'>nisi</span> <span class='ocrx_word' id='word_1_147' title='bbox 1143 1910 1312 1974; x_wconf 88' lang='lat' dir='ltr'>deluuctus</span> 
     </span>
     <span class='ocr_line' id='line_1_19' title="bbox 171 1994 1312 2078; baseline 0 -19"><span class='ocrx_word' id='word_1_148' title='bbox 171 1994 495 2061; x_wconf 59' lang='lat' dir='ltr'>commansionem</span> <span class='ocrx_word' id='word_1_149' title='bbox 518 2015 645 2078; x_wconf 89' lang='lat' dir='ltr'>quoque</span> <span class='ocrx_word' id='word_1_150' title='bbox 660 1999 730 2059; x_wconf 90' lang='lat' dir='ltr'>eius</span> <span class='ocrx_word' id='word_1_151' title='bbox 744 1999 899 2078; x_wconf 90' lang='lat' dir='ltr'>praestari</span> <span class='ocrx_word' id='word_1_152' title='bbox 920 1999 1032 2061; x_wconf 88' lang='lat' dir='ltr'>uoluit.</span> <span class='ocrx_word' id='word_1_153' title='bbox 1078 1998 1238 2060; x_wconf 88' lang='lat' dir='ltr'>Columnis</span> <span class='ocrx_word' id='word_1_154' title='bbox 1258 2015 1312 2059; x_wconf 89' lang='lat' dir='ltr'>ae·</span> 
     </span>
     <span class='ocr_line' id='line_1_20' title="bbox 231 2080 1310 2163; baseline 0.003 -22"><span class='ocrx_word' id='word_1_155' title='bbox 231 2080 335 2143; x_wconf 79' lang='lat' dir='ltr'>*dium</span> <span class='ocrx_word' id='word_1_156' title='bbox 356 2082 408 2144; x_wconf 90' lang='lat' dir='ltr'>uel</span> <span class='ocrx_word' id='word_1_157' title='bbox 425 2083 521 2163; x_wconf 81' lang='lat' dir='ltr'>tignis</span> <span class='ocrx_word' id='word_1_158' title='bbox 542 2103 602 2163; x_wconf 93' lang='lat' dir='ltr'>per</span> <span class='ocrx_word' id='word_1_159' title='bbox 618 2082 893 2146; x_wconf 88' lang='lat' dir='ltr'>fideicommissum</span> <span class='ocrx_word' id='word_1_160' title='bbox 910 2085 1028 2148; x_wconf 92' lang='lat' dir='ltr'>relictis</span> <span class='ocrx_word' id='word_1_161' title='bbox 1044 2103 1080 2146; x_wconf 90' lang='lat' dir='ltr'>ea</span> <span class='ocrx_word' id='word_1_162' title='bbox 1095 2081 1310 2146; x_wconf 89' lang='lat' dir='ltr'>tantummodo</span> 
     </span>
     <span class='ocr_line' id='line_1_21' title="bbox 228 2166 1363 2249; baseline -0.004 -21"><span class='ocrx_word' id='word_1_163' title='bbox 228 2166 460 2248; x_wconf 78' lang='lat' dir='ltr'>*amplissimus</span> <span class='ocrx_word' id='word_1_164' title='bbox 482 2169 557 2231; x_wconf 92' lang='lat' dir='ltr'>ordo</span> <span class='ocrx_word' id='word_1_165' title='bbox 579 2170 734 2249; x_wconf 88' lang='lat' dir='ltr'>praestari</span> <span class='ocrx_word' id='word_1_166' title='bbox 756 2170 857 2232; x_wconf 90' lang='lat' dir='ltr'>uoluit</span> <span class='ocrx_word' id='word_1_167' title='bbox 879 2171 966 2233; x_wconf 90' lang='lat' dir='ltr'>nulla</span> <span class='ocrx_word' id='word_1_168' title='bbox 988 2170 1215 2233; x_wconf 87' lang='lat' dir='ltr'>aestimationis</span> <span class='ocrx_word' id='word_1_169' title='bbox 1231 2168 1309 2230; x_wconf 84' lang='lat' dir='ltr'>lacta</span> <span class='ocrx_word' id='word_1_170' title='bbox 1330 2179 1363 2224; x_wconf 73' lang='lat' dir='ltr'>so</span> 
     </span>
     <span class='ocr_line' id='line_1_22' title="bbox 228 2253 1173 2338; baseline 0.002 -23"><span class='ocrx_word' id='word_1_171' title='bbox 228 2253 418 2333; x_wconf 62' lang='lat' dir='ltr'>*mentione</span> <span class='ocrx_word' id='word_1_172' title='bbox 437 2274 518 2336; x_wconf 88' lang='lat' dir='ltr'>quae</span> <span class='ocrx_word' id='word_1_173' title='bbox 534 2258 603 2317; x_wconf 88' lang='lat' dir='ltr'>sine</span> <span class='ocrx_word' id='word_1_174' title='bbox 618 2254 730 2318; x_wconf 90' lang='lat' dir='ltr'>domus</span> <span class='ocrx_word' id='word_1_175' title='bbox 743 2257 860 2318; x_wconf 89' lang='lat' dir='ltr'>iniuria</span> <span class='ocrx_word' id='word_1_176' title='bbox 875 2255 993 2319; x_wconf 83' lang='lat' dir='ltr'>auferri</span> <span class='ocrx_word' id='word_1_177' title='bbox 1010 2255 1173 2338; x_wconf 75' lang='lat' dir='ltr'>possunt*</span> 
     </span>
    </p>
   </div>
   <div class='ocr_carea' id='block_1_3' title="bbox 434 2442 1103 2526">
    <p class='ocr_par' dir='ltr' id='par_1_3' title="bbox 434 2442 1103 2526">
     <span class='ocr_line' id='line_1_23' title="bbox 434 2442 1103 2526; baseline 0.001 -21"><span class='ocrx_word' id='word_1_178' title='bbox 434 2442 466 2524; x_wconf 80' lang='grc' dir='ltr'>[ιι</span> <span class='ocrx_word' id='word_1_179' title='bbox 511 2461 547 2504; x_wconf 82' lang='lat' dir='ltr'>ns</span> <span class='ocrx_word' id='word_1_180' title='bbox 571 2462 696 2505; x_wconf 77' lang='lat' dir='ltr'>sunlrvs</span> <span class='ocrx_word' id='word_1_181' title='bbox 720 2462 872 2507; x_wconf 79' lang='lat' dir='ltr'>consvrro</span> <span class='ocrx_word' id='word_1_182' title='bbox 895 2443 1103 2526; x_wconf 76' lang='lat' dir='ltr'>resumtum]</span> 
     </span>
    </p>
   </div>
   <div class='ocr_carea' id='block_1_4' title="bbox 228 2562 1361 2988">
    <p class='ocr_par' dir='ltr' id='par_1_4' title="bbox 228 2562 1361 2988">
     <span class='ocr_line' id='line_1_24' title="bbox 314 2562 1310 2646; baseline -0.002 -21"><span class='ocrx_word' id='word_1_183' title='bbox 314 2564 450 2626; x_wconf 88' lang='lat' dir='ltr'>Senatus</span> <span class='ocrx_word' id='word_1_184' title='bbox 471 2564 612 2625; x_wconf 91' lang='lat' dir='ltr'>consulto</span> <span class='ocrx_word' id='word_1_185' title='bbox 635 2562 830 2625; x_wconf 89' lang='lat' dir='ltr'>Trebelliano</span> <span class='ocrx_word' id='word_1_186' title='bbox 851 2574 1050 2646; x_wconf 89' lang='lat' dir='ltr'>prospectum</span> <span class='ocrx_word' id='word_1_187' title='bbox 1074 2573 1137 2643; x_wconf 90' lang='lat' dir='ltr'>est,</span> <span class='ocrx_word' id='word_1_188' title='bbox 1162 2582 1204 2625; x_wconf 88' lang='lat' dir='ltr'>ne</span> <span class='ocrx_word' id='word_1_189' title='bbox 1225 2563 1310 2624; x_wconf 90' lang='lat' dir='ltr'>solus</span> 
     </span>
     <span class='ocr_line' id='line_1_25' title="bbox 228 2649 1310 2731; baseline 0.001 -22"><span class='ocrx_word' id='word_1_190' title='bbox 228 2651 321 2710; x_wconf 89' lang='lat' dir='ltr'>heres</span> <span class='ocrx_word' id='word_1_191' title='bbox 336 2649 481 2711; x_wconf 89' lang='lat' dir='ltr'>omnibus</span> <span class='ocrx_word' id='word_1_192' title='bbox 496 2649 696 2712; x_wconf 80' lang='lat' dir='ltr'>hereditariis</span> <span class='ocrx_word' id='word_1_193' title='bbox 713 2651 889 2712; x_wconf 88' lang='lat' dir='ltr'>actionibus</span> <span class='ocrx_word' id='word_1_194' title='bbox 904 2660 1065 2712; x_wconf 88' lang='lat' dir='ltr'>oneretur.</span> <span class='ocrx_word' id='word_1_195' title='bbox 1096 2658 1128 2711; x_wconf 92' lang='lat' dir='ltr'>et</span> <span class='ocrx_word' id='word_1_196' title='bbox 1143 2649 1214 2712; x_wconf 92' lang='lat' dir='ltr'>ideo</span> <span class='ocrx_word' id='word_1_197' title='bbox 1230 2668 1310 2731; x_wconf 86' lang='lat' dir='ltr'>quo·</span> 
     </span>
     <span class='ocr_line' id='line_1_26' title="bbox 229 2733 1361 2813; baseline -0.004 -18"><span class='ocrx_word' id='word_1_198' title='bbox 229 2736 311 2796; x_wconf 90' lang='lat' dir='ltr'>tiens</span> <span class='ocrx_word' id='word_1_199' title='bbox 336 2733 498 2798; x_wconf 85' lang='lat' dir='ltr'>hereditas</span> <span class='ocrx_word' id='word_1_200' title='bbox 520 2754 559 2797; x_wconf 84' lang='lat' dir='ltr'>ex</span> <span class='ocrx_word' id='word_1_201' title='bbox 580 2755 674 2799; x_wconf 89' lang='lat' dir='ltr'>causa</span> <span class='ocrx_word' id='word_1_202' title='bbox 697 2736 929 2798; x_wconf 85' lang='lat' dir='ltr'>fideicommissi</span> <span class='ocrx_word' id='word_1_203' title='bbox 950 2737 1145 2813; x_wconf 90' lang='lat' dir='ltr'>restituitur,</span> <span class='ocrx_word' id='word_1_204' title='bbox 1171 2737 1309 2798; x_wconf 88' lang='lat' dir='ltr'>actiones</span> <span class='ocrx_word' id='word_1_205' title='bbox 1328 2740 1361 2792; x_wconf 77' lang='lat' dir='ltr'>ss</span> 
     </span>
     <span class='ocr_line' id='line_1_27' title="bbox 229 2820 1310 2902; baseline 0 -21"><span class='ocrx_word' id='word_1_206' title='bbox 229 2823 298 2882; x_wconf 92' lang='lat' dir='ltr'>eius</span> <span class='ocrx_word' id='word_1_207' title='bbox 309 2822 342 2881; x_wconf 92' lang='lat' dir='ltr'>in</span> <span class='ocrx_word' id='word_1_208' title='bbox 354 2820 676 2884; x_wconf 89' lang='lat' dir='ltr'>fideicommissarium</span> <span class='ocrx_word' id='word_1_209' title='bbox 688 2822 932 2901; x_wconf 82' lang='lat' dir='ltr'>transferuntur,</span> <span class='ocrx_word' id='word_1_210' title='bbox 948 2824 1023 2902; x_wconf 90' lang='lat' dir='ltr'>quia</span> <span class='ocrx_word' id='word_1_211' title='bbox 1033 2822 1207 2902; x_wconf 91' lang='lat' dir='ltr'>unicuique</span> <span class='ocrx_word' id='word_1_212' title='bbox 1219 2820 1310 2884; x_wconf 87' lang='lat' dir='ltr'>dam-</span> 
     </span>
     <span class='ocr_line' id='line_1_28' title="bbox 228 2906 863 2988; baseline 0.005 -23"><span class='ocrx_word' id='word_1_213' title='bbox 228 2924 335 2967; x_wconf 88' lang='lat' dir='ltr'>nosam</span> <span class='ocrx_word' id='word_1_214' title='bbox 352 2925 420 2968; x_wconf 86' lang='lat' dir='ltr'>esse</span> <span class='ocrx_word' id='word_1_215' title='bbox 434 2906 530 2968; x_wconf 83' lang='lat' dir='ltr'>fidem</span> <span class='ocrx_word' id='word_1_216' title='bbox 547 2927 634 2969; x_wconf 90' lang='lat' dir='ltr'>suam</span> <span class='ocrx_word' id='word_1_217' title='bbox 651 2927 712 2969; x_wconf 92' lang='lat' dir='ltr'>non</span> <span class='ocrx_word' id='word_1_218' title='bbox 729 2916 863 2988; x_wconf 90' lang='lat' dir='ltr'>oportet.</span> 
     </span>
    </p>
   </div>
   <div class='ocr_carea' id='block_1_5' title="bbox 449 3093 1087 3178">
    <p class='ocr_par' dir='ltr' id='par_1_5' title="bbox 449 3093 1087 3178">
     <span class='ocr_line' id='line_1_29' title="bbox 449 3093 1087 3178; baseline 0.003 -22"><span class='ocrx_word' id='word_1_219' title='bbox 449 3093 493 3175; x_wconf 85' lang='lat' dir='ltr'>[ur</span> <span class='ocrx_word' id='word_1_220' title='bbox 536 3114 572 3155; x_wconf 82' lang='lat' dir='ltr'>nr</span> <span class='ocrx_word' id='word_1_221' title='bbox 595 3115 719 3157; x_wconf 75' lang='lat' dir='ltr'>snusrrs</span> <span class='ocrx_word' id='word_1_222' title='bbox 742 3114 895 3158; x_wconf 73' lang='lat' dir='ltr'>consecro</span> <span class='ocrx_word' id='word_1_223' title='bbox 917 3095 1087 3178; x_wconf 76' lang='grc' dir='ltr'>ιιιιειιιιο]</span> 
     </span>
    </p>
   </div>
   <div class='ocr_carea' id='block_1_6' title="bbox 114 3214 1384 3710">
    <p class='ocr_par' dir='ltr' id='par_1_6' title="bbox 114 3214 1384 3469">
     <span class='ocr_line' id='line_1_30' title="bbox 114 3214 1308 3296; baseline 0.002 -21"><span class='ocrx_word' id='word_1_224' title='bbox 114 3230 118 3233; x_wconf 91' lang='grc'><em>·</em></span> <span class='ocrx_word' id='word_1_225' title='bbox 193 3217 203 3275; x_wconf 85' lang='lat' dir='ltr'>l</span> <span class='ocrx_word' id='word_1_226' title='bbox 313 3214 399 3277; x_wconf 90' lang='lat' dir='ltr'>luter</span> <span class='ocrx_word' id='word_1_227' title='bbox 419 3214 571 3277; x_wconf 87' lang='lat' dir='ltr'>heredem</span> <span class='ocrx_word' id='word_1_228' title='bbox 593 3224 625 3277; x_wconf 93' lang='lat' dir='ltr'>et</span> <span class='ocrx_word' id='word_1_229' title='bbox 647 3214 988 3293; x_wconf 84' lang='lat' dir='ltr'>fideicommissariam,</span> <span class='ocrx_word' id='word_1_230' title='bbox 1011 3217 1063 3278; x_wconf 89' lang='lat' dir='ltr'>cui</span> <span class='ocrx_word' id='word_1_231' title='bbox 1085 3235 1124 3277; x_wconf 78' lang='lat' dir='ltr'>ex</span> <span class='ocrx_word' id='word_1_232' title='bbox 1141 3217 1308 3296; x_wconf 77' lang='lat' dir='ltr'>Pegasiano</span> 
     </span>
     <span class='ocr_line' id='line_1_31' title="bbox 227 3299 1384 3383; baseline -0.001 -23"><span class='ocrx_word' id='word_1_233' title='bbox 227 3299 387 3363; x_wconf 87' lang='lat' dir='ltr'>hereditas</span> <span class='ocrx_word' id='word_1_234' title='bbox 404 3302 599 3381; x_wconf 89' lang='lat' dir='ltr'>restituitur,</span> <span class='ocrx_word' id='word_1_235' title='bbox 618 3304 717 3383; x_wconf 91' lang='lat' dir='ltr'>partis</span> <span class='ocrx_word' id='word_1_236' title='bbox 732 3312 764 3364; x_wconf 92' lang='lat' dir='ltr'>et</span> <span class='ocrx_word' id='word_1_237' title='bbox 778 3320 836 3382; x_wconf 90' lang='lat' dir='ltr'>pro</span> <span class='ocrx_word' id='word_1_238' title='bbox 851 3311 940 3381; x_wconf 88' lang='lat' dir='ltr'>parte</span> <span class='ocrx_word' id='word_1_239' title='bbox 955 3302 1117 3383; x_wconf 90' lang='lat' dir='ltr'>stipulatio</span> <span class='ocrx_word' id='word_1_240' title='bbox 1133 3303 1308 3383; x_wconf 88' lang='lat' dir='ltr'>interponi·</span> <span class='ocrx_word' id='word_1_241' title='bbox 1326 3314 1360 3359; x_wconf 83' lang='lat' dir='ltr'>ao</span> <span class='ocrx_word' id='word_1_242' title='bbox 1382 3378 1384 3382; x_wconf 18' lang='grc' dir='ltr'>ι</span> 
     </span>
     <span class='ocr_line' id='line_1_32' title="bbox 227 3386 1308 3469; baseline 0.001 -21"><span class='ocrx_word' id='word_1_243' title='bbox 227 3397 295 3466; x_wconf 88' lang='lat' dir='ltr'>tur,</span> <span class='ocrx_word' id='word_1_244' title='bbox 313 3396 349 3448; x_wconf 92' lang='lat' dir='ltr'>ut</span> <span class='ocrx_word' id='word_1_245' title='bbox 371 3386 480 3450; x_wconf 89' lang='lat' dir='ltr'>herodi</span> <span class='ocrx_word' id='word_1_246' title='bbox 497 3388 639 3451; x_wconf 88' lang='lat' dir='ltr'>instituto</span> <span class='ocrx_word' id='word_1_247' title='bbox 654 3406 710 3468; x_wconf 91' lang='lat' dir='ltr'>pro</span> <span class='ocrx_word' id='word_1_248' title='bbox 725 3398 837 3468; x_wconf 88' lang='lat' dir='ltr'>quarta</span> <span class='ocrx_word' id='word_1_249' title='bbox 851 3389 1007 3466; x_wconf 90' lang='lat' dir='ltr'>actiones,</span> <span class='ocrx_word' id='word_1_250' title='bbox 1025 3389 1211 3469; x_wconf 81' lang='lat' dir='ltr'>procelaris</span> <span class='ocrx_word' id='word_1_251' title='bbox 1231 3407 1308 3449; x_wconf 91' lang='lat' dir='ltr'>uero</span> 
     </span>
    </p>

    <p class='ocr_par' dir='ltr' id='par_1_7' title="bbox 190 3471 1308 3710">
     <span class='ocr_line' id='line_1_33' title="bbox 190 3471 1308 3555; baseline -0.001 -19"><span class='ocrx_word' id='word_1_252' title='bbox 190 3478 207 3536; x_wconf 66' lang='grc'>9</span> <span class='ocrx_word' id='word_1_253' title='bbox 226 3471 423 3553; x_wconf 92' lang='lat' dir='ltr'>portionibus</span> <span class='ocrx_word' id='word_1_254' title='bbox 439 3472 727 3538; x_wconf 84' lang='lat' dir='ltr'>fideicommissario</span> <span class='ocrx_word' id='word_1_255' title='bbox 741 3483 932 3555; x_wconf 83' lang='lat' dir='ltr'>competant.</span> <span class='ocrx_word' id='word_1_256' title='bbox 977 3475 1083 3536; x_wconf 76' lang='lat' dir='ltr'>Totam</span> <span class='ocrx_word' id='word_1_257' title='bbox 1098 3473 1308 3536; x_wconf 89' lang='lat' dir='ltr'>hereditatem</span> 
     </span>
     <span class='ocr_line' id='line_1_34' title="bbox 227 3558 1307 3641; baseline -0.001 -20"><span class='ocrx_word' id='word_1_258' title='bbox 227 3562 393 3622; x_wconf 89' lang='lat' dir='ltr'>restituere</span> <span class='ocrx_word' id='word_1_259' title='bbox 405 3568 532 3639; x_wconf 80' lang='lat' dir='ltr'>rogatus</span> <span class='ocrx_word' id='word_1_260' title='bbox 543 3561 569 3622; x_wconf 89' lang='lat' dir='ltr'>si</span> <span class='ocrx_word' id='word_1_261' title='bbox 582 3569 726 3641; x_wconf 90' lang='lat' dir='ltr'>quartam</span> <span class='ocrx_word' id='word_1_262' title='bbox 736 3562 875 3622; x_wconf 88' lang='lat' dir='ltr'>retinere</span> <span class='ocrx_word' id='word_1_263' title='bbox 887 3558 976 3639; x_wconf 88' lang='lat' dir='ltr'>nolit,</span> <span class='ocrx_word' id='word_1_264' title='bbox 995 3561 1094 3640; x_wconf 80' lang='lat' dir='ltr'>magis</span> <span class='ocrx_word' id='word_1_265' title='bbox 1109 3569 1169 3639; x_wconf 87' lang='lat' dir='ltr'>est,</span> <span class='ocrx_word' id='word_1_266' title='bbox 1186 3568 1222 3622; x_wconf 89' lang='lat' dir='ltr'>ut</span> <span class='ocrx_word' id='word_1_267' title='bbox 1237 3578 1307 3621; x_wconf 89' lang='lat' dir='ltr'>eam</span> 
     </span>
     <span class='ocr_line' id='line_1_35' title="bbox 227 3645 1307 3710; baseline 0 -3"><span class='ocrx_word' id='word_1_268' title='bbox 227 3666 266 3707; x_wconf 89' lang='lat' dir='ltr'>ex</span> <span class='ocrx_word' id='word_1_269' title='bbox 281 3646 477 3708; x_wconf 85' lang='lat' dir='ltr'>Trebelliano</span> <span class='ocrx_word' id='word_1_270' title='bbox 497 3645 611 3708; x_wconf 88' lang='lat' dir='ltr'>debeat</span> <span class='ocrx_word' id='word_1_271' title='bbox 633 3648 818 3708; x_wconf 89' lang='lat' dir='ltr'>restituere:</span> <span class='ocrx_word' id='word_1_272' title='bbox 845 3655 921 3709; x_wconf 91' lang='lat' dir='ltr'>tunc</span> <span class='ocrx_word' id='word_1_273' title='bbox 944 3648 1028 3709; x_wconf 90' lang='lat' dir='ltr'>enim</span> <span class='ocrx_word' id='word_1_274' title='bbox 1044 3665 1152 3709; x_wconf 92' lang='lat' dir='ltr'>omnes</span> <span class='ocrx_word' id='word_1_275' title='bbox 1166 3647 1307 3710; x_wconf 89' lang='lat' dir='ltr'>actiones</span> 
     </span>
    </p>
   </div>
   <div class='ocr_carea' id='block_1_7' title="bbox 226 3814 1304 3833">
    <p class='ocr_par' dir='ltr' id='par_1_8' title="bbox 226 3814 1304 3833">
     <span class='ocr_line' id='line_1_36' title="bbox 226 3814 1304 3833; baseline -0.001 -1"><span class='ocrx_word' id='word_1_276' title='bbox 226 3817 973 3833; x_wconf 58' lang='lat' dir='ltr'>mwwwvwvwvvvwvvvwvvwkuwvvvvvvvvwvuv</span> <span class='ocrx_word' id='word_1_277' title='bbox 978 3816 1254 3832; x_wconf 60' lang='grc' dir='ltr'>υννννννννννννννννὶ</span> <span class='ocrx_word' id='word_1_278' title='bbox 1262 3814 1304 3828; x_wconf 67' lang='grc' dir='ltr'>ΛΜ</span> 
     </span>
    </p>
   </div>
   <div class='ocr_carea' id='block_1_8' title="bbox 296 3903 729 3966">
    <p class='ocr_par' dir='ltr' id='par_1_9' title="bbox 296 3903 729 3966">
     <span class='ocr_line' id='line_1_37' title="bbox 296 3903 729 3966; baseline 0 -15"><span class='ocrx_word' id='word_1_279' title='bbox 296 3907 321 3964; x_wconf 88' lang='grc' dir='ltr'>ι,</span> <span class='ocrx_word' id='word_1_280' title='bbox 337 3907 469 3954; x_wconf 79' lang='lat' dir='ltr'>ro.so=</span> <span class='ocrx_word' id='word_1_281' title='bbox 486 3903 543 3966; x_wconf 62' lang='lat' dir='ltr'>bia.</span> <span class='ocrx_word' id='word_1_282' title='bbox 560 3906 658 3964; x_wconf 61' lang='lat' dir='ltr'>anan</span> <span class='ocrx_word' id='word_1_283' title='bbox 675 3906 729 3952; x_wconf 69' lang='grc' dir='ltr'>ιι</span> 
     </span>
    </p>
   </div>
   <div class='ocr_carea' id='block_1_9' title="bbox 226 4037 1306 4055">
    <p class='ocr_par' dir='ltr' id='par_1_10' title="bbox 226 4037 1306 4055">
     <span class='ocr_line' id='line_1_38' title="bbox 226 4037 1306 4055; baseline -0.003 -2"><span class='ocrx_word' id='word_1_284' title='bbox 226 4037 1306 4055; x_wconf 48' lang='grc' dir='ltr'>ΝΛΛΛΛΛΛΛΙΥῚἹἪΛΙΜ»Ι’ΛΙνΝΙνΧΛΛΛΙνυννϋΝαυΜνΜνννννννίΝνκΝΝᾺΝννᾺΛμκΝΛ</span> 
     </span>
    </p>
   </div>
   <div class='ocr_carea' id='block_1_10' title="bbox 295 4158 1227 4222">
    <p class='ocr_par' dir='ltr' id='par_1_11' title="bbox 295 4158 1227 4222">
     <span class='ocr_line' id='line_1_39' title="bbox 295 4158 1227 4222; baseline 0.002 -15"><span class='ocrx_word' id='word_1_285' title='bbox 295 4164 326 4207; x_wconf 73' lang='lat'>:5</span> <span class='ocrx_word' id='word_1_286' title='bbox 347 4160 498 4209; x_wconf 89' lang='lat' dir='ltr'>restituitur</span> <span class='ocrx_word' id='word_1_287' title='bbox 509 4160 582 4219; x_wconf 80' lang='lat' dir='ltr'>dett,</span> <span class='ocrx_word' id='word_1_288' title='bbox 601 4161 759 4210; x_wconf 89' lang='lat' dir='ltr'>restituetur</span> <span class='ocrx_word' id='word_1_289' title='bbox 771 4159 820 4209; x_wconf 77' lang='lat' dir='ltr'>Ml</span> <span class='ocrx_word' id='word_1_290' title='bbox 849 4159 861 4222; x_wconf 77' lang='lat' dir='ltr'>ll</span> <span class='ocrx_word' id='word_1_291' title='bbox 889 4161 923 4207; x_wconf 78' lang='lat'>26</span> <span class='ocrx_word' id='word_1_292' title='bbox 941 4158 1000 4208; x_wconf 90' lang='lat' dir='ltr'>eius</span> <span class='ocrx_word' id='word_1_293' title='bbox 1013 4159 1049 4220; x_wconf 81' lang='lat' dir='ltr'>lt,</span> <span class='ocrx_word' id='word_1_294' title='bbox 1068 4160 1128 4209; x_wconf 89' lang='lat' dir='ltr'>eius</span> <span class='ocrx_word' id='word_1_295' title='bbox 1139 4158 1227 4210; x_wconf 73' lang='lat' dir='ltr'>noni</span> 
     </span>
    </p>
   </div>
   <div class='ocr_carea' id='block_1_11' title="bbox 0 0 1510 4738">
    <p class='ocr_par' dir='ltr' id='par_1_12' title="bbox 0 0 1510 4738">
     <span class='ocr_line' id='line_1_40' title="bbox 0 0 1510 4738; baseline 0 2"><span class='ocrx_word' id='word_1_296' title='bbox 0 0 1510 4738; x_wconf 95' lang='lat' dir='ltr'> </span> 
     </span>
    </p>
   </div>
  </div>
 </body>
</html>
