3010 4738
211 318 315 370 Dasiih.
330 321 396 369 ¹-h
593 352 679 364 .-.
724 317 785 379 152
828 350 913 363 ...-

211 516 339 587 ceptum
361 517 411 569 est
433 508 592 587 responsis
607 514 639 568 et
654 507 832 568 summatim
848 508 984 568 solemus
1001 507 1078 567 haec
1094 504 1211 567 dicere.
1244 505 1296 565 lex

213 595 297 656 enim
313 593 391 654 Iulia
407 601 438 655 et
454 595 547 672 Papia
562 602 688 654 ceterae
703 603 811 673 partes
827 593 964 654 iustitiae
980 592 1192 673 appellantur.

174 678 192 737 3
297 679 432 759 Regulas
455 680 540 740 enim
554 680 743 759 exsequenti
760 679 837 740 mihi
852 677 893 740 ad
908 697 946 739 ea
961 677 1067 740 studia
1082 678 1295 739 necessarium

210 775 286 827 ante
301 768 404 826 omnia
419 766 513 828 scire.
549 783 609 826 nec
624 767 710 827 enim
724 765 820 827 unias
835 774 909 826 sunt
924 763 1133 841 condicionis,
1159 762 1217 826 sed
1237 783 1296 825 ua-

214 853 295 913 riae:
313 870 396 931 quae
412 870 471 932 per
485 852 620 931 singula,
638 869 720 931 quae
737 852 899 930 pertinent
913 849 953 911 ad
966 869 1035 911 eam
1047 851 1290 927 enarrationem,
1314 861 1326 907 4

212 936 382 999 referenda
397 946 472 999 sunt
487 957 547 1017 per
560 935 715 998 ordinem.

175 1023 193 1082 4
298 1023 516 1085 Omnes'enim
532 1032 586 1084 aut
602 1024 732 1103 ingenui
748 1031 821 1084 sunt
837 1031 891 1083 aut
906 1020 1024 1083 liberti.
1064 1019 1122 1082 sed
1145 1030 1181 1082 ut
1196 1024 1294 1102 magis

212 1111 333 1189 possint
352 1110 475 1190 singula
496 1109 665 1187 declarari,
689 1108 803 1170 melius
823 1107 953 1170 uidetur
975 1108 1118 1187 incipere
1137 1125 1155 1169 a
1172 1106 1295 1169 libertis
1331 1136 1336 1153 ι

1491 1058 1492 1097 t

212 1193 338 1257 adierre
354 1205 386 1257 et
401 1197 541 1277 primum
557 1195 597 1256 dc
614 1196 730 1256 Latinis
745 1194 895 1272 scribere,
918 1213 959 1255 ne
974 1194 1102 1274 saepius
1117 1192 1227 1255 eadem
1244 1195 1295 1254 in-

212 1285 381 1361 terpretari
397 1301 556 1362 cogamur.
589 1283 726 1361 primum
744 1300 819 1361 ergo
834 1280 1019 1357 uideamus,
1037 1279 1130 1358 quale
1147 1280 1293 1360 estquod
1315 1290 1344 1335 to

209 1367 330 1430 dicitur
344 1367 381 1429 dc
395 1369 459 1446 eiS,
486 1369 542 1447 qui
565 1368 649 1428 inter
668 1369 784 1428 amicos
799 1368 870 1429 ohim
886 1365 1205 1440 manumittebantur,
1230 1385 1293 1427 uon

210 1472 283 1514 asse
300 1453 430 1532 liberm,
449 1452 506 1515 sed
522 1452 640 1514 domini
656 1453 819 1515 uniuntate
834 1454 869 1514 in
884 1452 1030 1514 libertate
1044 1453 1160 1512 morari
1177 1461 1208 1512 et
1223 1462 1295 1513 tan-

210 1549 279 1601 tum
294 1538 457 1602 seruiendi
474 1549 561 1602 metu
576 1538 704 1601 dimitti.

173 1623 192 1682 5
297 1624 398 1687 Antea
417 1624 524 1706 [enim]
542 1644 606 1686 una
623 1623 754 1685 libertas
769 1633 836 1685 erat
851 1634 883 1685 et
898 1625 1095 1686 manumissio
1111 1623 1207 1685 fiebat
1221 1625 1294 1685 uin-

211 1710 297 1772 dicta
318 1712 371 1773 uel
393 1720 581 1772 testamento
596 1711 650 1772 uel
664 1729 762 1772 censu
778 1719 809 1772 et
824 1711 936 1771 ciuitas
952 1712 1089 1771 Romana
1104 1709 1294 1790 competebat
1314 1721 1345 1768 ts

212 1798 431 1858 manumissis:
458 1815 538 1876 quae
560 1797 737 1878 appellatur
758 1798 839 1857 iusta
860 1798 1071 1858 manumissio.
1118 1797 1150 1856 hi
1173 1805 1290 1873 autem,

209 1884 267 1962 qui
283 1882 402 1945 domini
417 1883 581 1944 uoluntate
597 1884 631 1944 in
646 1881 792 1944 libertate
809 1891 910 1961 erant,
929 1882 1099 1945 manebant
1115 1884 1220 1944 serui:
1240 1882 1295 1943 sed

212 1971 241 2030 si
261 1971 505 2030 manumissores
520 1970 589 2032 ausi
605 1979 696 2031 erant
712 1971 744 2030 in
761 1970 947 2030 seruitutem
964 1968 1069 2031 denuo
1086 1987 1138 2030 eos
1153 1987 1214 2049 per
1228 1969 1293 2029 uim

211 2053 338 2134 ducere,
358 2055 594 2117 interueniebat
608 2065 736 2135 praetor
751 2065 783 2117 et
797 2074 861 2116 non
876 2055 1055 2136 patiebatur
1065 2056 1292 2117 manumissum

220 2224 1283 2241 waummnmmmnmmmmmtwmmmtmnmmaswvxmvvthemmvwm

205 2345 253 2379 um
265 2326 441 2397 παριλημπται
451 2346 502 2380 των
516 2345 697 2400 aucuptpurcn
708 2346 753 2379 uus
769 2325 956 2398 κεφαλαιωδωσ
973 2345 1052 2379 ταυτα
1063 2325 1146 2397 λεγειν
1163 2330 1190 2388 V,
1210 2343 1243 2379 er
1261 2344 1293 2379 eo

210 2400 284 2449 enim
302 2402 500 2450 consenserunt
516 2401 634 2463 peritum
654 2402 681 2450 et
698 2400 859 2462 adsumptus
876 2413 910 2449 ex
927 2400 1066 2462 responsis
1084 2399 1136 2448 ista
1152 2398 1246 2448 dicere
1264 2414 1293 2448 eu

208 2484 300 2600 {paroc
312 2485 361 2588 sap
372 2483 568 2587 συνκοὲτὲνευσαν
581 2483 699 2538 spasmos
711 2484 755 2518 nar
767 2463 945 2535 παρειληπτησ
957 2463 983 2526 εξ
997 2461 1198 2534 acopis-(poros
1217 2470 1294 2528 (mma

254 2553 333 2588 ταῦτα
362 2553 426 2605 creta

280 2623 378 2673 Liuiis
390 2627 416 2673 et
428 2623 507 2687 papia
519 2635 568 2671 om.
585 2622 626 2672 SP
654 2621 666 2685 u
695 2623 834 2672 iustititiae
846 2638 882 2672 ru
896 2617 985 2671 ὃικαιω
1002 2621 1030 2680 V,
1050 2621 1153 2671 iustum
1169 2621 1248 2680 (iuste
1261 2622 1289 2681 P)

208 2706 253 2740 του
267 2688 365 2742 innatos
379 2692 428 2751 SP,
443 2693 507 2741 iusti
520 2692 587 2741 Pith.
623 2689 635 2754 ΙΙ
675 2695 688 2739 3
703 2691 898 2753 necessarium]
913 2705 1049 2759 cicinnos
1062 2706 1143 2757 εφανη
1155 2702 1247 2754 marpo
1261 2688 1294 2740 Sg

210 2762 256 2820 (aa
267 2764 415 2810 coniectura
428 2761 564 2823 Scolipcri)
603 2759 615 2822 11
653 2762 666 2809 4
687 2773 738 2810 nec
750 2760 823 2810 enim
835 2759 899 2822 soa]
915 2762 959 2823 api
970 2761 1001 2809 dc
1012 2760 1217 2810 distinctionibus
1229 2761 1293 2809 libc-

208 2841 301 2877 rarum
312 2830 441 2879 horninum
453 2844 487 2880 ca
500 2827 512 2893 ᾗ
527 2831 540 2877 4
554 2830 683 2892 callipitur
717 2829 729 2893 ss
763 2833 778 2878 4
797 2843 867 2893 quae
879 2828 986 2892 singula
998 2828 1161 2892 pertinentia
1173 2828 1209 2878 ad
1222 2828 1293 2879 hanc

208 2898 392 2948 narrationem
406 2897 547 2949 referenda
559 2901 623 2948 sunt
635 2900 663 2947 in
676 2899 772 2948 ordine
786 2897 827 2948 SP
856 2897 867 2959 ΙΙ
903 2901 916 2946 4
936 2900 984 2947 aut
998 2934 1004 2946 .
1018 2933 1024 2945 .
1037 2933 1043 2945 .
1058 2900 1104 2946 aut
1113 2896 1164 2958 SP,
1185 2897 1229 2946 uel
1243 2934 1249 2946 .
1263 2936 1270 2949 .
1284 2933 1289 2944 .

208 2964 253 3014 uel
269 2966 292 3013 V
328 2967 340 3028 ΙΙ
381 2966 536 3029 8singuiae
549 2962 586 3028 Sl,
599 2964 797 3017 sedenotoraSg
834 2965 845 3028 11
885 2966 1018 3016 declarari
1032 2967 1122 3016 cm.V
1155 2966 1167 3028 ΙΙ
1204 2966 1293 3016 uideri

213 3028 255 3095 Vl,
275 3035 319 3083 scd
331 3031 403 3084 δοκεῖ
419 3033 455 3085 Vg
495 3034 507 3097 ΙΙ
549 3034 687 3085 andierre
706 3037 733 3084 et
750 3036 869 3098 primum
887 3034 972 3083 om.S
1013 3035 1024 3097 ΙΙ
1064 3035 1155 3085 latinis
1170 3049 1292 3101 papatus

209 3102 237 3160 S,
257 3104 433 3170 papatuer
474 3103 486 3167 ΙΙ
534 3107 564 3151 tc
584 3116 714 3166 cogamur
731 3106 780 3152 om.
801 3097 828 3152 Sl
846 3104 912 3152 Pith.
960 3102 972 3166 ΙΙ
1019 3107 1046 3151 44
1069 3103 1171 3153 dicitur
1188 3104 1222 3153 de
1241 3103 1290 3167 eis]

206 3170 332 3222 dicturus
344 3173 384 3221 eis
398 3167 433 3232 Sl,
447 3168 547 3240 λεγεται
558 3186 645 3222 αυτοισ
658 3170 701 3231 Si,
714 3171 817 3222 dicitur
828 3184 875 3221 eos
888 3172 954 3221 Pith.
985 3170 996 3234 ΙΙ
1028 3171 1063 3221 de
1075 3173 1114 3221 eis
1128 3208 1135 3222 .
1151 3209 1156 3222 .
1172 3209 1179 3222 .
1195 3185 1293 3222 manu-

208 3239 387 3291 mittebantur
398 3254 448 3290 am
464 3242 485 3290 V
504 3240 516 3303 ΙΙ
546 3241 620 3304 oiim]
634 3244 743 3291 ueteres
756 3236 881 3290 nohctoao
895 3240 922 3300 S,
937 3241 970 3303 cs.
986 3238 1020 3290 Si
1031 3241 1066 3290 ad
1076 3254 1104 3291 u.
1120 3244 1150 3289 ta
1167 3239 1262 3303 (παλαι)
1283 3239 1293 3308 ΙΙ

209 3312 240 3357 ta
259 3308 359 3360 liberos
372 3306 526 3377 eheaiepcco
538 3306 617 3360 παλαι
631 3310 650 3360 8
673 3310 684 3372 ΙΙ
714 3311 741 3359 in
755 3309 879 3359 libertate
892 3311 970 3370 Pith,
984 3312 1012 3358 in
1025 3309 1178 3359 libertatem
1195 3306 1250 3368 Vsl,
1266 3326 1292 3360 εν

206 3374 339 3446 ελευθερια
352 3376 385 3429 Sg
413 3379 424 3440 ΙΙ
455 3382 485 3427 te
502 3379 641 3429 seruiendi
654 3384 729 3430 metu
742 3374 778 3438 Sl,
793 3380 932 3429 seruitutis
944 3380 1041 3428 timore
1059 3374 1100 3439 Vl,
1113 3394 1158 3429 roc
1171 3376 1292 3430 hauhruoa

207 3443 288 3516 φοβου
306 3446 380 3498 Vsssss
414 3448 425 3512 ΙΙ
462 3450 491 3496 44
512 3450 574 3497 ante
587 3450 661 3498 enim
678 3450 705 3511 V,
719 3451 793 3499 enim
806 3448 917 3498 anteaS
946 3449 957 3510 ΙΙ
986 3447 1255 3499 etmiiebatomS
1282 3446 1293 3514 ΙΙ

207 3519 385 3568 manumissio
399 3518 557 3577 Lachmann,
571 3517 683 3568 libertas
695 3514 828 3586 ehenhepru
844 3518 866 3567 V
891 3517 902 3579 41
930 3517 1054 3567 uindicta
1068 3517 1095 3577 S,
1116 3531 1149 3567 ex
1160 3517 1292 3567 uindiciis

211 3588 232 3636 V
257 3586 269 3650 44
300 3590 330 3635 ts
349 3587 504 3637 testimonio
522 3602 589 3637 auro
606 3583 719 3655 insinua
734 3588 761 3649 S,
781 3600 814 3636 ex
827 3589 1003 3636 testamentar
1013 3602 1079 3637 nuru
1093 3582 1219 3653 διαθηκην
1236 3587 1257 3636 V
1282 3583 1292 3651 ΙΙ

205 3656 442 3706 iucensucodiccs
471 3655 482 3719 ΙΙ
512 3656 609 3705 ciuitas
622 3653 696 3705 πολισ
709 3657 737 3715 8,
752 3656 950 3705 administratio
963 3652 1114 3705 nohrrctaV
1139 3655 1151 3717 ΙΙ
1180 3668 1292 3720 compe-

204 3723 279 3775 tebat
291 3724 428 3788 Bacchium,
449 3728 585 3789 competat
597 3740 698 3793 ευναγοι
714 3727 741 3785 V,
762 3727 891 3789 competit
903 3725 1065 3792 conspersus
1111 3724 1123 3787 u
1171 3728 1201 3772 44
1221 3726 1291 3775 iusta

205 3792 324 3857 legitima
342 3808 452 3859 soptpoa
469 3795 495 3853 V,
517 3794 635 3857 legitima
653 3808 764 3861 roprpoo
777 3793 804 3854 S,
826 3795 896 3844 iusta
915 3807 947 3842 ac
965 3794 1084 3857 legitima
1103 3794 1254 3842 Lachmann
1282 3791 1291 3859 ΙΙ

203 3863 384 3912 manumissio
397 3864 556 3922 Lachmann,
571 3862 683 3913 libertas
696 3858 827 3928 chantapia
840 3865 938 3912 codices
967 3864 978 3926 ΙΙ
1007 3865 1099 3912 autem
1111 3859 1144 3928 δη
1158 3862 1185 3921 S,
1200 3867 1289 3912 tamen

204 3928 272 3983 isV
297 3930 308 3992 ΙΙ
339 3935 369 3980 ta
390 3935 467 3981 erant
482 3932 510 3991 S,
525 3931 836 4000 eranttuemntnoch
863 3931 873 3994 ΙΙ
903 3931 950 3981 sed
965 3933 987 3981 si
1000 3934 1103 3992 scripsi,
1117 3934 1143 3980 et
1155 3933 1253 3980 codices
1281 3928 1291 3997 ΙΙ

205 4003 236 4049 48
250 4000 309 4050 ausi
323 4003 400 4050 erant
417 4002 444 4058 V,
460 3999 627 4051 audebantS
664 4001 676 4065 11
712 4014 761 4064 per
773 4000 808 4049 ad
820 4001 879 4049 uim
896 3995 925 4049 Vl
966 4000 977 4063 11
1021 4004 1051 4048 49
1065 3999 1166 4049 ducere
1178 4014 1246 4068 αγειν
1261 4000 1287 4060 S,

203 4068 356 4133 perducere
370 4084 439 4138 αγειν
456 4069 483 4130 V,
499 4069 621 4132 redigere
634 4071 785 4120 Lachmann
820 4068 831 4131 ΙΙ
866 4068 1064 4119 interueniebat
1079 4069 1189 4127 Vana,
1205 4070 1291 4118 inter·

202 4136 382 4187 ueniebantS
410 4137 421 4200 14
450 4140 621 4202 praetorem.
642 4141 663 4188 V
688 4139 699 4202 ΙΙ
727 4137 890 4203 patiebatur]
904 4138 1079 4201 permittebat
1091 4138 1157 4188 Pith.
