3006 4736
247 315 321 365 Paul.
336 315 370 375 ll,
386 317 428 363 at.
443 317 471 362 44
637 347 724 360 -.
767 312 807 376 78
851 348 937 361 -...

244 505 400 577 *tanetum
420 504 493 583 quia
508 501 746 566 administrasse
762 504 886 584 negotia
903 503 972 564 eius
987 503 1045 583 qui
1058 510 1151 564 natus
1166 521 1229 564 non
1245 512 1330 566 esset

245 588 328 650 *non
344 588 487 653 uidetur:
506 599 538 652 et
553 588 625 651 ideo
640 589 727 652 utilis
743 591 776 652 in
792 609 865 652 eum
881 589 962 652 actio
978 585 1138 650 dabitur*

640 759 716 842 [xxxi
760 779 798 820 nr
820 761 931 839 sunus]
977 754 983 764 ’

165 881 177 940 4
208 882 226 941 4
330 883 393 942 Fur
413 846 534 961 estqui
554 878 625 941 dolo
647 881 728 941 malo
750 899 816 941 rem
839 880 974 941 alienam
996 888 1177 941 contrectat.
1218 881 1328 941 Furto-

247 986 316 1027 rum
338 985 456 1048 genera
477 975 552 1028 sunt
573 975 737 1046 quattuor:
764 965 941 1044 manifesti,
966 984 1025 1026 nec
1047 966 1224 1043 manifesti,
1250 983 1365 1029 con-t

245 1053 326 1134 cepti
342 1062 373 1114 et
388 1052 496 1115 oblati.
537 1052 723 1114 manifestus
738 1051 790 1113 fur
805 1053 923 1132 estqui
940 1051 972 1113 in
988 1050 1132 1113 faciendo
1147 1050 1328 1131 deprehen·

244 1157 299 1200 sus
315 1148 362 1200 est
378 1148 409 1201 et
425 1140 479 1219 qui
497 1139 579 1199 intra
594 1139 745 1199 terminos
761 1139 830 1199 eius
846 1139 923 1214 loci,
949 1135 1035 1199 uude
1050 1137 1128 1218 quid
1142 1139 1324 1216 sustulerat,

244 1224 461 1306 deprehensus
477 1233 535 1302 est,
554 1225 605 1286 uel
619 1232 789 1304 antequam
805 1223 846 1286 ad
861 1243 933 1286 eum
948 1226 1050 1291 locum
1066 1243 1127 1305 quo
1143 1222 1327 1285 destinaue-

245 1321 293 1373 rat
311 1311 507 1392 peruenerit.
547 1329 607 1371 nec
629 1309 815 1372 manifestus
831 1309 883 1372 fur
904 1310 1022 1390 estqui
1039 1311 1072 1371 in
1092 1308 1237 1372 faciendo
1253 1310 1327 1390 qui·

243 1396 317 1459 dem
333 1396 553 1476 deprehensus
568 1405 701 1474 nonest,
720 1395 776 1458 sed
789 1415 862 1458 eum
878 1395 996 1458 furtum
1012 1394 1126 1458 fecisse
1138 1398 1248 1477 negari
1263 1415 1326 1457 non
1350 1415 1381 1457 uo

205 1485 223 1544 3
243 1492 357 1563 potest.
383 1481 532 1562 Concepti
549 1483 672 1544 actione
687 1484 715 1543 is
726 1492 863 1559 tenetur,
883 1479 969 1562 apud
985 1499 1079 1561 quem
1091 1481 1210 1543 furtum
1226 1501 1326 1561 quac-

243 1571 338 1631 situm
361 1577 393 1631 et
415 1570 579 1630 inuentum
603 1576 661 1629 est.
700 1568 797 1630 oblati
819 1568 941 1631 actione
965 1570 993 1630 is
1008 1577 1153 1644 tenetur,
1179 1572 1235 1648 qui
1260 1588 1325 1630 rum

206 1657 223 1716 l
243 1654 394 1717 furtiuam
418 1654 471 1716 alii
487 1653 618 1732 obtulit,
644 1674 684 1715 ne
699 1653 785 1734 apud
800 1673 835 1715 se
852 1655 1061 1716 inueniretur.
1100 1656 1186 1716 Furti
1203 1656 1325 1716 actione

206 1742 224 1800 5
243 1743 270 1802 is
286 1759 381 1820 agere
397 1749 510 1821 potest,
528 1741 619 1801 cuius
635 1740 767 1801 interest
783 1759 850 1802 rem
865 1760 929 1802 nou
945 1738 1136 1821 perdidisse.
1177 1740 1324 1818 Concepti

242 1828 269 1888 is
284 1845 378 1906 agere
395 1836 514 1906 potest,
540 1827 677 1906 quirem
693 1826 837 1906 concepit
858 1836 889 1887 et
905 1828 1039 1888 inuenit.
1077 1825 1172 1888 oblati
1190 1829 1216 1888 is
1231 1845 1324 1906 agere
1350 1845 1356 1887 4
1370 1849 1379 1887 r

204 1913 224 1972 6
242 1922 362 1993 potest,
387 1931 486 1993 penes
507 1930 601 1992 quem
623 1931 675 1973 res
696 1923 846 1993 concepta
868 1922 899 1973 et
921 1913 1049 1973 inuenta
1071 1922 1130 1974 est.
1170 1912 1324 1974 Manifesti

242 1997 317 2060 furti
334 1999 412 2060 actio
435 2007 466 2059 et
489 2017 548 2060 neo
570 1996 730 2060 manifesti
747 2006 778 2060 et
794 2000 935 2078 concepti
959 2010 990 2059 et
1005 1997 1102 2061 oblati
1125 1998 1235 2059 heredi
1251 2001 1326 2078 qui-

204 2082 224 2144 7
241 2083 315 2146 dem
331 2085 493 2165 competit,
512 2084 618 2147 sedin
634 2083 786 2146 heredem
801 2102 863 2145 nou
879 2084 983 2146 datur.
1023 2085 1160 2161 Seruus,
1185 2086 1240 2164 qui
1259 2084 1325 2145 fur-

241 2180 309 2232 tum
331 2170 443 2234 fecerit
464 2170 656 2233 damnumue
681 2169 823 2249 dederit,
853 2170 915 2231 nisi
936 2169 970 2232 id
995 2190 1053 2251 pro
1076 2171 1125 2232 sui
1147 2173 1323 2251 quantitate

204 2256 223 2315 8
242 2255 389 2319 dominus
410 2256 528 2318 sarcire
550 2258 590 2319 sit
609 2265 756 2337 paratus,
783 2275 883 2318 noxae
906 2255 980 2318 dedi
1003 2266 1114 2337 potest.
1155 2258 1188 2318 Si
1210 2276 1323 2319 seruus
1345 2278 1377 2317 en

242 2342 359 2406 furtum
384 2342 510 2422 feeerit,
540 2342 658 2405 deinde
682 2344 894 2404 manumissus
917 2343 956 2403 sit
977 2354 1029 2404 aut
1051 2343 1221 2422 alienatus,
1251 2363 1322 2404 cum

240 2431 309 2511 ipso
331 2431 522 2492 manumisso
552 2428 604 2490 uel
635 2435 775 2508 emptore
798 2428 847 2508 agi
869 2437 988 2508 potest;
1022 2447 1103 2490 noxa
1124 2430 1208 2490 enim
1229 2439 1324 2510 caput

203 2516 221 2575 9
240 2517 395 2597 sequitur.
427 2516 525 2578 Filius
541 2513 676 2577 familias
690 2514 717 2575 si
733 2513 852 2576 furtum
868 2513 989 2593 fecerit,
1008 2513 1125 2576 deinde
1140 2516 1323 2595 emancipe-

239 2613 309 2682 tur,
333 2600 409 2664 furti
426 2603 507 2664 actio
530 2602 563 2661 iu
587 2620 660 2662 eum
681 2599 790 2679 datur,
814 2597 888 2679 quia
911 2601 944 2661 in
964 2600 1110 2663 omnibus
1125 2620 1207 2664 noxa
1228 2612 1323 2680 caput

182 2688 219 2747 40
239 2689 395 2770 sequitur.
419 2689 487 2748 Non
502 2697 624 2767 tantum
640 2688 695 2767 qui
712 2685 831 2748 furtum
848 2685 974 2764 fecerit,
992 2686 1049 2748 sed
1065 2688 1159 2749 etiam
1175 2687 1212 2765 is,
1232 2689 1322 2748 cuius
1344 2707 1377 2747 25.

240 2793 296 2855 ope
317 2784 372 2836 aut
387 2774 515 2835 consilio
538 2770 657 2835 furtum
680 2771 795 2836 factum
813 2771 927 2849 fuerit,
951 2772 1028 2834 furti
1042 2775 1163 2836 actione
1179 2782 1317 2835 tenetur.

182 2860 215 2919 44
240 2857 314 2920 *uei
336 2859 565 2934 hereditariae,
592 2868 759 2940 antequam
776 2857 817 2921 ab
832 2857 950 2920 herede
966 2859 1182 2939 possideatur,
1202 2859 1320 2921 furtum

180 2946 220 3009 44
240 2944 329 3006 *fieri
352 2964 415 3007 uon
437 2944 574 3026 potest*
614 2945 686 3026 [Qui
710 2945 910 3005 meretricem
932 2944 1077 3007 libidinis
1099 2964 1193 3007 causa
1216 2946 1322 3026 rapu-it
1377 2976 1380 2981 >

239 3116 646 3129 ΑΛΛΛΛμΙ-,ΛΜΛΛΛρῃμΛΛμρΑΜΛΑμ
656 3117 693 3127 2«,ss
702 3117 754 3127 ,ιΛμΙ
768 3117 774 3121 Δ
783 3117 806 3125 ’.Γ
814 3117 825 3127 μ
836 3116 897 3128 »ήμην
908 3118 964 3128 amur
972 3118 1031 3128 arm*
1041 3119 1047 3125 w
1069 3118 1121 3129 Ama
1132 3118 1318 3130 ωκΛΛΛΛΛΛΙκν-,ι

308 3205 349 3259 34,
366 3205 431 3251 4-5
445 3222 477 3245 =
494 3202 600 3254 collatio
614 3206 637 3262 7,
654 3207 677 3261 5,
694 3205 759 3252 4-6
806 3201 817 3264 11
865 3205 907 3262 34,
923 3206 947 3251 7.
962 3206 976 3250 8
993 3203 1026 3265 cf.
1043 3203 1160 3252 Edictum
1177 3205 1322 3253 Theoderici

140 3276 142 3280 ‘
241 3274 298 3320 444.
315 3274 363 3320 444
389 3272 528 3321 fertilem.
544 3272 679 3336 Burpuod.
696 3275 726 3320 45
765 3271 776 3333 11
815 3274 857 3331 34,
874 3275 900 3319 44
918 3285 952 3321 ec
968 3272 1101 3321 Vesontioo
1112 3275 1226 3337 restituit
1240 3272 1319 3324 Coto-

237 3342 293 3390 4444
308 3340 414 3391 Obstru.
429 3343 471 3399 44,
488 3344 518 3390 49

237 3475 504 3489 νκΛΛΙ-,Νννψκννννυνκ
508 3476 523 3487 ’χ
527 3476 536 3485 x
541 3476 551 3484 κ
560 3476 566 3484 x
571 3476 584 3486 rx
590 3476 600 3488 x
611 3476 656 3488 vus-,1

308 3580 397 3645 iqui]
412 3582 512 3644 quial*
543 3579 554 3643 11
591 3579 834 3631 idolomaloout.
852 3580 915 3632 cort.
952 3580 963 3643 ll
999 3581 1099 3645 lquid
1116 3582 1242 3641 (sicdett.,
1258 3583 1319 3646 quis

238 3652 295 3714 Mt)
311 3651 457 3700 sustulerat
468 3650 655 3714 deprehensus
672 3651 817 3713 Wisipothi,
832 3648 936 3701 furatus
948 3654 990 3701 est
1000 3649 1213 3714 comprehensus
1228 3650 1288 3700 Coll.
1309 3651 1319 3716 11

238 3722 313 3770 test
324 3718 369 3769 fur
385 3719 447 3771 Ooll.
479 3719 490 3782 11
519 3717 650 3782 rapiendo
667 3719 729 3771 coll.
760 3718 771 3781 11
803 3723 832 3767 44
853 3720 1065 3785 comprehensus
1083 3717 1145 3769 cort.
1176 3719 1187 3783 11
1216 3718 1317 3771 furtum

237 3801 286 3838 om.
304 3787 367 3839 Geli.
404 3789 415 3852 11
451 3792 477 3836 44
501 3790 525 3838 is
543 3800 591 3837 om.
610 3787 672 3837 Coll.
705 3787 716 3850 11
748 3789 903 3852 quaesitum
997 3792 1028 3836 44
1047 3788 1096 3852 est]
1117 3791 1159 3838 est
1175 3791 1316 3839 inuentum

238 3857 316 3916 Geli„
333 3857 344 3920 11
375 3860 406 3907 44
419 3857 702 3916 euiuscott.,euittt
731 3855 743 3918 11
772 3859 897 3921 concepti
907 3857 938 3921 is]
954 3858 1114 3922 conceptiua
1123 3859 1214 3908 eutem
1226 3857 1289 3908 Coit.
1308 3855 1318 3991 n

237 3926 316 3990 teet]
331 3927 358 3976 id
372 3926 539 3977 estilosclrlre
567 3924 577 3987 11
607 3925 769 3977 isom.Coll.
800 3926 811 3989 11
843 3930 913 3977 thet
925 3940 974 3977 om.
990 3926 1064 3985 coll„
1080 3927 1107 3976 id
1121 3929 1161 3976 est
1174 3927 1291 3977 Huschke

236 3995 436 4060 tsquiM‚siL
466 3996 477 4059 11
507 3998 538 4044 44
549 3995 715 4044 manumisso
728 3994 855 4054 0444444444,
867 3996 1068 4046 manumissore
1077 3997 1175 4045 codices
1203 3995 1214 4056 11
1243 3996 1316 4045 enim

234 4065 308 4122 dett,
322 4077 371 4114 om.
386 4065 435 4114 ML
470 4064 481 4126 ll
517 4067 549 4113 46
568 4077 618 4127 ope
634 4062 763 4122 Uolscius,
782 4066 973 4128 operacodicer
1008 4063 1019 4126 11
1055 4068 1086 4113 48
1106 4062 1164 4128 §ts
1178 4065 1255 4113 Pauli
1264 4077 1317 4112 nou

235 4146 291 4183 esse
302 4134 367 4182 uidit
382 4133 511 4191 Cuiooius,
526 4133 559 4195 cf.
575 4130 628 4196 134
645 4137 669 4182 et
682 4132 740 4196 Dio.
758 4135 798 4191 47,
815 4136 839 4193 4,
855 4137 886 4183 49
1000 4148 1004 4159 ’
