3010 4738
567 355 652 367 .....
700 323 758 385 129
802 354 889 370 ..m
1042 327 1115 377 Paul.
1131 327 1162 386 V,
1180 330 1221 376 ιι.
1237 328 1269 376 2⁸

150 511 288 591 hcapite
309 511 499 590 puniuntur.
546 508 790 583 *Quinondum
810 513 1020 593 uiripotentes
1041 516 1184 596 uirgines
1200 534 1272 578 cor·

187 597 369 677 *rumpunt
387 596 570 658 humiliores
585 598 619 658 in
632 597 793 659 metallum
807 596 1007 677 damnantur,
1026 600 1222 665 honestiores
1236 604 1269 665 in

149 686 167 744 6
187 681 342 744 *insulam
367 683 549 763 relegantur
571 691 625 744 aut
644 685 678 744 in
694 684 823 746 exilium
846 687 1025 747 mittuntur.
1072 687 1133 760 Qui
1153 707 1188 751 se
1203 691 1270 752 suis

185 769 340 830 *nummis
361 768 561 850 redemptum
576 787 639 830 non
655 767 854 851 probauerit,
879 771 1057 833 libertatem
1073 783 1182 852 petere
1205 794 1266 837 non

185 854 320 935 *potestz
346 856 480 936 amplius
502 853 606 917 eidem
621 853 747 917 domino
766 856 828 919 sub
850 876 952 938 poena
973 857 1171 921 uinculorum
1192 860 1302 923 red-s

186 940 298 1020 *ditur,
316 941 380 1020 uel,
398 942 425 1003 si
442 941 510 1022 ipse
526 941 672 1003 dominus
687 943 784 1022 malit,
803 944 836 1004 in
852 945 1013 1006 metallum
1029 942 1229 1007 damnatur*

267 1149 348 1226 [xxm
391 1167 430 1209 io
452 1167 547 1210 nsum
569 1166 734 1210 consummi
756 1167 794 1209 nn
817 1168 939 1211 numus
960 1168 996 1211 nr
1020 1151 1179 1231 vnunrrcrs]

150 1272 160 1330 l
269 1270 335 1329 Lex
352 1268 496 1330 Cornelia
515 1287 650 1349 poenam
666 1267 894 1349 deportationis
914 1268 1030 1348 infligit
1044 1271 1074 1334 ei
1093 1272 1149 1351 qui
1164 1271 1267 1333 homi-

184 1372 257 1415 nem
271 1352 424 1416 occiderit
444 1357 553 1417 ciusuc
568 1356 614 1416 rei
630 1373 723 1417 causa
739 1354 856 1418 furtiue
872 1353 1008 1417 faciendi
1031 1376 1102 1418 cum
1118 1358 1181 1419 telo
1195 1358 1267 1421 fue-

184 1441 241 1518 rit,
266 1448 298 1501 et
313 1441 368 1520 qui
384 1460 545 1503 uenenum
560 1441 695 1520 hominis
716 1440 851 1503 necandi
868 1459 962 1503 cansa
981 1440 1128 1504 habuerit
1147 1444 1266 1506 uendi·
1285 1454 1316 1499 ⁴⁰

183 1525 267 1587 derit
277 1528 451 1607 paranerit,
470 1526 583 1588 falsum
593 1529 807 1589 testimonium
824 1527 953 1606 dixerit,
972 1546 1035 1607 quo
1050 1530 1121 1608 quis
1133 1531 1263 1611 periret,

183 1613 333 1674 mortisue
362 1632 489 1675 causam
512 1614 719 1693 praestiterit.
766 1632 848 1693 quae
871 1614 975 1675 omnia
990 1612 1134 1677 iocinera
1153 1617 1187 1678 in
1208 1617 1267 1679 ho-

181 1699 337 1760 nestiores
365 1718 466 1779 poena
486 1700 597 1778 capitis
626 1698 784 1761 uindicari
811 1700 945 1781 placuit,
976 1701 1161 1763 humiliores
1190 1722 1266 1764 uero

146 1788 164 1846 2
183 1786 215 1844 in
238 1803 364 1846 crucem
386 1785 540 1847 tolluntur
562 1796 615 1847 aut
636 1784 748 1847 hestiis
769 1785 961 1849 obiciuntur.
1015 1785 1196 1849 *Homicida
1218 1799 1265 1850 est

182 1870 257 1949 *qui
283 1870 389 1949 aliquo
410 1890 528 1951 genere
555 1871 609 1932 teli
635 1871 794 1933 hominem
821 1871 935 1933 occidit
961 1874 1112 1936 mortisue
1139 1892 1265 1937 causam
1285 1886 1316 1933 ts

145 1959 162 2017 3
182 1952 389 2033 *praestitit*
431 1957 492 2030 Qui
514 1956 673 2018 hominem
693 1957 854 2035 occiderit,
883 1957 1052 2037 aliquando
1077 1959 1263 2040 absumitur,

184 2051 213 2102 et
230 2042 285 2120 qui
306 2060 370 2103 non
392 2042 522 2118 occidit,
548 2052 584 2105 ut
605 2041 762 2105 homicida
783 2042 967 2104 damnatur:
992 2045 1158 2106 consilinm
1179 2047 1266 2108 enim

184 2129 452 2208 uniuscuiusque,
481 2147 544 2189 non
571 2127 687 2189 iactum
708 2128 909 2207 puniendum
930 2137 987 2190 est.
1034 2128 1170 2211 ideoque
1196 2133 1263 2212 qui,

183 2232 254 2275 cum
270 2214 366 2276 uellet
381 2213 537 2293 occidere,
557 2213 590 2275 id
604 2233 679 2276 casu
694 2215 800 2294 aliquo
815 2226 999 2296 perpetrare
1014 2235 1077 2287 non
1092 2218 1212 2298 potuit,
1229 2227 1265 2280 ut

183 2299 340 2361 homicida
353 2302 501 2380 punitur:
528 2311 560 2361 et
575 2301 612 2379 is,
631 2301 686 2380 qui
702 2319 777 2362 casu
792 2302 875 2363 iactu
897 2302 951 2364 toli
966 2302 1126 2364 hominem
1140 2304 1264 2384 impru-
1283 2315 1315 2360 ao

145 2389 161 2446 l
182 2385 297 2449 denter
310 2385 436 2465 occidit,
459 2385 646 2448 absoluitur.
686 2385 798 2459 *Quod
812 2389 838 2448 si
854 2389 887 2449 in
904 2389 973 2448 rixa
987 2407 1158 2467 percussus
1172 2389 1265 2451 homo

182 2471 333 2550 *perierit
343 2520 350 2552 ,
362 2474 522 2552 ,quoniam
539 2474 619 2535 ictus
634 2491 761 2553 quoque
776 2474 860 2553 ipsos
883 2484 988 2535 contra
1003 2492 1265 2555 unumquemque

183 2557 408 2640 *contemplari
429 2569 569 2640 oportet,
596 2558 667 2621 ideo
687 2560 872 2621 humiliores
886 2561 920 2620 in
944 2559 1055 2622 ludum
1077 2569 1132 2622 ant
1146 2562 1180 2623 in
1196 2580 1265 2624 me-
1324 2608 1327 2615 .

181 2643 309 2707 *tullum
326 2644 533 2724 damnantur,
552 2646 746 2707 honestiores
762 2645 891 2708 dimidia
905 2655 996 2726 parte
1011 2645 1166 2708 bonorum
1180 2647 1264 2710 mul-

145 2730 162 2789 5
182 2729 257 2792 *tati
273 2732 464 2811 relegantur.
504 2732 602 2793 Causa
618 2732 725 2793 mortis
741 2730 854 2793 idonea
869 2751 932 2793 non
948 2730 1085 2811 uidetur,
1102 2751 1176 2794 cum
1191 2752 1263 2794 cae-
1280 2743 1314 2790 ss

182 2815 255 2879 *sus
278 2818 369 2879 homo
391 2828 461 2897 post
476 2818 597 2897 aliquot
612 2817 680 2881 dies
702 2817 840 2880 cilicium
862 2818 997 2880 diurnae
1011 2819 1097 2880 uitae
1120 2818 1263 2881 retinens

182 2901 354 2983 *decessit
372 2904 435 2964 nisi
449 2902 530 2965 forte
547 2902 644 2966 fuerit
658 2902 699 2966 ad
715 2922 826 2965 necem
842 2922 951 2966 caesus
969 2913 1024 2966 ant
1038 2904 1175 2967 letaliter
1189 2906 1264 2967 nul·

144 2991 162 3048 6
181 2987 339 3052 ineratus.
388 2991 508 3052 Seruus
522 2990 549 3053 si
563 2990 665 3072 plagis
680 2989 850 3070 defecerit,
868 2991 929 3052 nisi
945 2990 979 3052 id
994 2990 1064 3052 dolo
1079 2989 1143 3070 fiat,
1161 2991 1265 3053 domi-

248 3264 720 3327 ss‚5.o=Dt9.ts,to‚3s,3.t
769 3263 780 3325 ιι
826 3263 1217 3326 ee‚t=cottoaot‚2.s,t
1252 3261 1264 3329 ιι

181 3332 486 3392 23,2=Collotiot‚t
527 3333 538 3395 ιι
579 3333 922 3393 23‚3=Collotiot‚7,l
969 3331 980 3395 ι
1020 3332 1264 3392 23‚t=00llotto

181 3400 629 3517 ιθόἆᾶιὲξθῡιξιάθβμι(ιιι.)
670 3401 681 3464 ιι
723 3400 1042 3461 23‚5=Collatt02,7
1085 3401 1096 3463 ι
1136 3405 1261 3461 23,o=

318 3505 325 3528 5

1209 3605 1261 3618 Μ

249 3726 341 3775 teins
353 3725 397 3775 uel
411 3725 469 3784 nt,
484 3725 596 3788 eiusque
610 3725 673 3775 Golt.
711 3726 722 3788 ιι
758 3729 785 3774 tt
808 3724 940 3776 falsumne
956 3725 1018 3776 coll.
1054 3724 1065 3788 ιι
1102 3727 1134 3772 lt
1147 3737 1261 3774 eausam

183 3795 256 3855 Golt,
272 3807 368 3846 causas
378 3795 427 3844 ML
451 3793 462 3857 ιι
485 3807 556 3857 quae
568 3794 642 3854 cort,
656 3794 691 3844 ob
704 3808 775 3858 quac
785 3795 832 3845 ML
842 3795 867 3857 ,u
893 3799 922 3843 ta
935 3794 1012 3857 nero]
1025 3806 1092 3843 uero
1105 3797 1153 3843 aut
1166 3793 1229 3844 Cotl.
1251 3790 1263 3860 ιι

180 3865 211 3911 tt
225 3862 399 3915 subiciuntur
415 3863 477 3915 (loll.
509 3863 521 3927 ιι
551 3866 582 3911 to
596 3862 697 3913 occidit
712 3862 772 3913 Cotl.
804 3864 815 3927 ιι
847 3869 876 3913 ts
890 3863 1007 3927 quim,
1028 3864 1051 3911 si
1067 3862 1153 3912 cortu
1168 3861 1257 3921 Colls,

178 3945 227 3982 om.
247 3933 326 3984 Colli)
353 3933 365 3997 ιι
397 3936 426 3982 to
445 3933 535 3982 idom.
554 3932 615 3983 Coll.
646 3930 658 3994 ιΙ
687 3935 719 3981 2⁰
737 3935 868 3997 puniatur
883 3933 946 3984 Coll.
977 3930 988 3994 ιι
1018 3932 1151 3981 iactuum.
1168 3927 1264 3997 Colli!

179 4005 207 4049 at
224 4001 334 4064 occidit]
355 4001 458 4051 ferierit
473 4001 534 4052 Coll.
578 4000 589 4064 ιι
630 4000 759 4065 quodsi.
777 4040 782 4051 .
800 4038 805 4048 .
821 4005 853 4050 25
866 3999 1027 4064 relegantur]
1048 4000 1071 4050 si
1084 4002 1112 4049 in
1125 4001 1260 4063 rixaper·

180 4082 276 4121 cussus
289 4071 371 4121 homo
383 4072 503 4136 perierit,
523 4072 594 4120 ictus
611 4071 828 4134 uniuscuiusque
840 4071 868 4119 in
882 4070 934 4119 hoc
946 4068 1122 4119 collectorum
1136 4071 1261 4119 contem-

178 4139 248 4204 plari
260 4142 365 4203 oportet
378 4139 437 4202 Dtp.
469 4139 482 4202 ιι
509 4143 540 4189 22
553 4140 665 4203 perierit
677 4139 748 4202 Νι,
763 4138 864 4189 ferierit
880 4139 968 4199 Cotti,
982 4137 1064 4188 luerit
1078 4138 1158 4211 Cotti
1173 4136 1259 4189 coum

1036 4227 1050 4272 9
