3010 4738
564 383 650 396 ...
696 351 754 411 111
799 382 885 395 --
1072 351 1145 401 Paul.
1161 352 1193 412 V,
1209 351 1261 399 at

183 537 366 603 incendium
388 537 547 617 inierunt,
573 548 695 601 summo
715 537 871 619 supplicio
889 537 1091 601 adficiuntur.
1138 539 1266 620 quodsi

182 644 242 706 per
255 626 410 686 incuriam
425 625 508 706 ignis
523 627 677 704 euaserit,
702 624 792 705 dupli
812 623 997 705 compendio
1014 624 1164 687 damnum
1181 627 1268 687 eius·

185 710 269 772 modi
284 713 397 773 sarciri
409 712 539 791 placuit.

589 915 629 999 [rr
671 934 715 977 nr·
732 893 860 999 numus]
920 893 922 899 Ι

148 1037 160 1095 l
269 1038 419 1099 Iniuriam
435 1037 573 1117 patimur
583 1047 638 1100 aut
652 1039 685 1098 in
701 1057 816 1118 corpus
826 1046 880 1100 aut
895 1045 984 1099 extra
999 1056 1129 1118 corpus:
1149 1038 1181 1098 in
1197 1057 1268 1100 cor·
1286 1053 1300 1099 t

134 1126 137 1138 '
184 1143 245 1205 pus
259 1122 453 1187 uerberibus
473 1134 505 1186 et
520 1124 658 1186 illatione
680 1125 800 1204 stupri,
827 1121 917 1185 extra
932 1142 1047 1203 corpus
1068 1124 1220 1185 conuiciis
1235 1134 1268 1187 et

185 1211 311 1272 famosis
325 1209 456 1289 libellis,
481 1208 567 1290 quod
587 1230 628 1273 ex
648 1209 777 1272 adiectu
796 1211 1048 1290 uniuscuiusque
1072 1210 1222 1289 patientis
1236 1219 1269 1272 et

148 1295 166 1356 2
185 1296 329 1358 facientis
350 1297 545 1358 aestimatur.
591 1297 741 1358 Furiosus
761 1298 901 1376 itemque
922 1294 1027 1357 inians
1056 1295 1183 1358 adiectu
1205 1295 1268 1357 doli

186 1392 218 1445 et
233 1391 328 1463 captu
343 1382 551 1444 contumeliae
573 1391 698 1444 carent:
724 1381 840 1444 idcirco
856 1382 1041 1445 iniuriamm
1056 1383 1107 1462 agi
1126 1401 1198 1443 cum
1219 1383 1269 1444 his

147 1468 165 1528 3
186 1489 248 1531 non
268 1477 383 1549 potest.
430 1469 463 1530 Si
485 1467 595 1530 liberis
617 1469 673 1549 qui
695 1471 728 1530 in
750 1477 906 1548 potestate
932 1478 1006 1529 sunt
1025 1478 1079 1530 aut
1102 1470 1193 1530 uxori
1215 1468 1269 1530 fiat
1288 1482 1318 1527 to

185 1554 319 1632 iniuria,
345 1563 450 1616 nostra
466 1554 599 1616 interest
613 1554 795 1617 uindicare:
819 1553 956 1634 ideoque
979 1574 1037 1635 per
1051 1573 1108 1616 nos
1122 1555 1201 1616 actio
1218 1556 1270 1616 iu-

186 1642 262 1703 lerri
274 1649 387 1720 potest,
406 1641 433 1701 si
445 1638 536 1702 modo
552 1642 647 1721 isqui
663 1640 737 1702 fecit
748 1642 781 1702 iu
792 1641 940 1703 iniuriam
952 1650 1091 1702 nostram
1107 1639 1141 1702 id
1156 1640 1268 1702 iecisse

149 1727 166 1786 l
187 1727 346 1790 doceatur.
383 1726 512 1806 Corpori
527 1727 644 1789 iniuria
661 1726 814 1805 infertur,
839 1746 911 1788 cnm
927 1728 1000 1806 quis
1015 1727 1161 1807 pulsatur
1175 1728 1268 1788 cuiue

187 1824 333 1893 stuprum
350 1812 486 1876 infertur
500 1823 555 1876 aut
569 1812 609 1876 de
625 1823 733 1893 stupro
749 1814 980 1894 interpellatur.
1013 1831 1094 1893 quae
1111 1832 1162 1874 res
1178 1823 1269 1874 extra

186 1898 331 1961 ordinem
345 1897 537 1977 uindicatur,
556 1900 599 1960 ita
612 1910 649 1961 ut
664 1900 799 1980 pulsatio
811 1897 942 1979 pudoris
956 1919 1058 1979 poena
1069 1901 1181 1980 capitis
1194 1900 1270 1961 uin·
1290 1913 1320 1959 ts

149 1985 167 2044 5
187 1985 323 2048 dicetur.
369 1985 593 2046 sollicitatores
613 1986 790 2046 alienarum
805 1985 989 2066 nuptiarum
1004 1986 1145 2065 itemque
1161 1986 1271 2047 matri-

187 2072 365 2133 moniorum
381 2071 632 2151 interpellatores
648 2080 680 2132 et
694 2073 721 2132 si
734 2072 850 2132 effectu
864 2071 994 2132 sceleris
1009 2073 1105 2152 potiri
1120 2091 1182 2132 non
1198 2091 1272 2151 pos-

188 2159 262 2235 sint,
279 2166 410 2238 propter
425 2157 620 2219 uoluntatem
636 2159 832 2238 perniciosae
853 2156 998 2219 libidini-s
1013 2167 1103 2219 extra
1126 2157 1269 2219 ordinem

150 2244 168 2303 e
187 2245 375 2325 puniuntur.
429 2243 616 2305 Iniuriarum
638 2244 718 2304 actio
741 2252 796 2305 ant
815 2244 885 2323 lege
908 2252 962 2305 aut
987 2262 1075 2304 more
1097 2250 1153 2304 aut
1174 2246 1271 2304 mixto

188 2332 257 2392 iure
273 2327 449 2391 introducta
464 2339 522 2392 est.
547 2329 617 2410 lege
634 2329 801 2392 duodecim
815 2328 995 2392 tabularum
1011 2328 1051 2391 de
1063 2328 1190 2390 famosis
1201 2349 1271 2390 car·
1290 2343 1320 2388 ao

150 2415 169 2477 7
188 2415 339 2495 minibus,
365 2415 516 2477 membris
539 2416 642 2496 ruptis
666 2424 697 2477 et
719 2415 843 2477 ossibus
859 2415 976 2477 fractis.
1016 2414 1166 2494 Moribus,
1191 2434 1272 2495 quo-

187 2504 272 2564 tiens
283 2502 400 2564 factum
412 2522 469 2582 pro
481 2503 632 2582 qualitate
644 2502 694 2564 sui
709 2501 839 2563 arbitrio
852 2501 967 2564 iudicis
982 2503 1177 2580 aestimatur,
1196 2521 1269 2562 con-

150 2589 169 2649 8
190 2591 333 2671 gruentis
347 2607 468 2669 poenae
484 2589 641 2668 supplicio
656 2587 849 2661 uindicatur.
895 2590 990 2650 Mixto
1006 2590 1075 2650 iure
1090 2588 1170 2649 actio
1186 2588 1272 2649 iniu-

188 2677 306 2736 riarum
321 2674 445 2754 exlege
461 2675 606 2736 Cornelia
620 2675 837 2753 constituitur,
862 2676 1011 2755 quotiens
1025 2675 1098 2754 quis
1113 2675 1267 2754 pulsatur,

188 2762 242 2822 uel
258 2761 349 2823 cuius
365 2759 476 2823 domus
488 2761 636 2822 introitur
658 2760 698 2821 ab
714 2761 781 2839 his,
800 2761 855 2840 qui
871 2761 966 2841 uulgo
982 2759 1143 2822 directarii
1160 2760 1271 2841 appel·
1289 2774 1321 2820 25

188 2848 305 2909 lantnr.
353 2847 386 2908 in
407 2866 486 2927 quos
509 2856 597 2908 extra
613 2845 757 2907 ordinem
773 2846 1055 2925 animaduertitur,
1075 2847 1116 2906 ita
1132 2855 1167 2907 υι
1182 2848 1272 2926 prius

189 2933 366 3013 ingruentis
382 2934 547 2995 consilium
563 2952 621 3014 pro
634 2932 725 2994 modo
741 2941 934 2995 commentae
951 2931 1072 2994 fraudis
1083 2948 1185 3013 poena
1199 2933 1274 2994 uin-

151 3020 170 3079 9
188 3018 315 3080 dicetur
336 3019 424 3080 exilii
439 3029 494 3081 aut
509 3020 627 3081 metalli
642 3028 697 3080 aut
719 3020 824 3099 operis
840 3019 973 3100 publici.
1019 3020 1211 3080 Iniuriarum
1226 3020 1273 3079 ci-

188 3105 298 3166 uiliter
313 3104 480 3167 damnatus
496 3108 629 3185 eiusque
652 3106 901 3168 aestimationem
917 3104 1035 3168 inferre
1050 3105 1155 3166 iussus
1171 3103 1273 3166 famo-

131 3191 170 3250 to
190 3209 245 3253 sus
260 3190 407 3253 efficitur.
453 3189 551 3253 Atrox
570 3191 687 3253 iniuria
708 3193 893 3253 aestimatur
907 3201 962 3253 aut
982 3192 1048 3252 loco
1063 3199 1117 3252 aut
1132 3200 1272 3272 tempore
1291 3204 1322 3251 to

803 3361 1163 3376 ΛΑΝΛΛΝᾺΛΛΛΛΛΛΛΛΛΛΙΧΛΛΛ
1167 3362 1271 3376 WNNVXA
1327 3369 1331 3379 1

260 3418 631 3512 t,t=Di9.l7,lt,tpr.

191 3585 242 3599 νυν·

260 3674 337 3753 iper
349 3688 483 3738 incuriam
495 3687 524 3747 L,
539 3688 646 3738 incuria
658 3700 753 3738 eorum
766 3690 794 3740 Μ
822 3687 834 3752 11
862 3687 939 3753 dupli
952 3690 988 3749 M,
1003 3688 1119 3753 duplol
1148 3685 1159 3749 ΙΙ
1190 3691 1275 3738 asar-

191 3757 310 3808 cirelll
350 3756 362 3820 ΙΙ
403 3756 599 3816 tetll,autl
637 3756 648 3820 ll
687 3757 1043 3822 ilperM,pleniusperl
1083 3756 1094 3819 ΙΙ
1137 3757 1271 3807 liiuom.

191 3828 290 3878 codices
318 3825 329 3888 ΙΙ
359 3830 389 3875 tt
410 3829 490 3875 cuiue
506 3825 635 3888 Calauios,
650 3827 748 3890 cuique
760 3823 858 3877 codices
886 3826 897 3891 11
928 3829 957 3875 ιι
977 3828 1024 3876 aut
1036 3825 1070 3875 de
1082 3827 1176 3890 stupro
1189 3826 1276 3875 inter-

191 3895 308 3960 pellatur
318 3895 430 3958 fortossc
442 3907 477 3944 cx
489 3892 501 3958 §
512 3896 542 3942 tt
557 3896 646 3944 addito
657 3900 718 3945 sunt
751 3896 763 3959 ΙΙ
802 3899 832 3944 47
851 3896 957 3960 possint
968 3895 998 3956 1,,
1011 3896 1097 3959 possit
1110 3895 1145 3954 M,
1160 3897 1276 3958 possunt

124 3980 128 3985 ·
192 3965 252 4028 Diq.
296 3963 307 4027 ΙΙ
348 3967 379 4011 22
393 3963 575 4026 congruentis]
590 3965 638 4013 aut
650 3977 744 4028 congr.
757 3965 874 4014 Huschke
914 3964 925 4027 11
966 3967 998 4013 st
1011 3962 1119 4027 domus]
1134 3964 1274 4014 domusui

192 4032 326 4083 llusctlco:
349 4035 472 4083 uidentur
489 4037 575 4082 tameo
589 4033 671 4094 pluro
687 4038 734 4083 out
751 4034 797 4083 too
814 4034 868 4083 loeo
885 4037 932 4083 out
946 4037 1005 4095 post
1023 4033 1151 4083 introitur
1163 4035 1276 4082 ,interci-

192 4103 260 4152 disse
288 4102 299 4165 11
324 4100 361 4151 '26
373 4103 451 4166 prius
463 4102 620 4165 ingruentes
632 4102 673 4152 ll:
685 4101 754 4152 iuris
766 4103 901 4152 inruentis
912 4115 963 4151 scr.
978 4103 1107 4164 (similiter
1119 4101 1247 4162 Huschke)
1265 4097 1276 4168 ΙΙ

194 4173 224 4218 27
245 4175 414 4222 commentae
427 4173 500 4232 dett,
514 4171 652 4221 coamenti
665 4171 702 4231 ll,
717 4172 903 4221 committente
915 4171 935 4220 t

1488 1108 1491 1175 ι
