3010 4738
209 352 411 413 rantur-a
588 385 671 397 --
718 351 778 414 118
822 385 908 399 ..-

209 539 294 621 quod
309 541 337 602 'si
351 542 504 621 scriptum
519 539 616 604 luerit
626 541 835 603 instrumento
849 540 1031 623 promisisse
1045 539 1193 620 aliquem,
1212 557 1294 620 per-

208 625 284 688 inde
306 626 457 704 habetur,
490 634 586 707 atque
608 629 635 688 si
657 627 900 709 interrogatione
922 624 1134 708 praecedente
1156 643 1290 706 respon-

157 712 192 773 2⁸
208 729 280 775 sum
299 714 351 775 sit.
396 712 450 773 *Si
471 710 532 774 sub
553 731 616 774 una
635 714 867 794 significatione
888 712 1026 775 diuersis
1047 711 1230 773 nominibus
1252 730 1288 772 aa

208 797 278 862 *res
299 817 381 880 quae
402 801 436 861 in
458 798 643 879 stipulatum
667 797 833 862 deducitur
854 799 1048 880 appellatur,
1072 817 1137 860 uon
1151 797 1289 859 infirmat
1386 850 1389 854 .

155 877 191 949 2¹³
208 883 458 965 *obligationem
477 887 504 947 si
520 885 599 947 alter
613 885 712 947 altaro
727 885 827 948 uerbo
841 893 960 947 utatur.
1008 885 1058 964 Si,
1076 884 1132 965 qui
1146 884 1232 946 uiam
1248 882 1288 946 ad
1307 900 1326 946 s

208 968 362 1034 *fundum
383 989 477 1032 suum
505 970 574 1034 dari
597 971 766 1052 stipulatus
787 972 901 1050 luerit,
926 978 1034 1053 postea
1055 968 1190 1033 fundum
1211 988 1288 1051 par-

207 1055 331 1119 *temue
346 1057 416 1120 eius
431 1065 504 1119 ante
520 1059 719 1120 constitutam
734 1058 922 1121 seruitutem
936 1057 1132 1136 alienauerit,
1152 1074 1288 1118 euanes-

169 1141 187 1201 3
207 1140 270 1205 *cit
283 1141 477 1224 stipulatio*
519 1144 721 1207 Fructuarius
739 1163 852 1207 seruus
873 1145 900 1206 si
923 1142 1002 1224 quid
1017 1162 1057 1205 ax
1072 1161 1107 1204 re
1123 1141 1286 1203 fructuarii

207 1237 262 1292 aut
277 1248 318 1290 ax
333 1231 438 1311 operis
453 1230 520 1292 suis
534 1212 691 1310 adquirit,
714 1229 756 1293 ad
769 1229 975 1292 fructuarium
994 1229 1145 1312 partinet.
1191 1226 1288 1308 quid-

208 1313 287 1396 quid
308 1324 415 1377 autem
430 1315 558 1377 aliunde
573 1316 628 1378 uel
649 1334 738 1378 exre
759 1316 962 1398 proprietarii
977 1315 1135 1395 adquirit,
1159 1312 1287 1375 domino
1306 1330 1344 1377 to

170 1401 187 1461 l
206 1402 412 1482 proprietatis
427 1399 579 1483 adquirit.
627 1402 706 1464 Cum
729 1400 809 1464 lacto
824 1403 1023 1483 promissoris
1037 1420 1088 1463 res
1103 1401 1137 1462 in
1152 1399 1288 1481 stipula-

207 1497 275 1549 tum
290 1486 427 1549 deducta
442 1486 613 1567 intercidit,
632 1487 767 1569 perinde
782 1489 833 1568 agi
850 1508 889 1550 ex
904 1488 1056 1569 stipulatu
1071 1495 1189 1568 potest,
1209 1486 1285 1547 acsi

207 1593 245 1634 ea
261 1592 312 1635 res
328 1581 467 1634 extaret:
487 1571 622 1654 ideoque
637 1575 807 1654 promissor
822 1575 1038 1636 aestimatione
1057 1574 1126 1634 eius
1140 1573 1284 1655 punitur,

207 1660 342 1722 maxime
358 1659 387 1730 si
400 1660 434 1721 in
450 1657 556 1721 dolum
572 1677 698 1740 quoque
713 1661 782 1722 eius
797 1668 946 1742 concepta
962 1661 1058 1722 luerit
1072 1659 1245 1740 stipulatio.

550 1812 614 1893 [rur
655 1832 694 1874 na
716 1815 939 1895 novarronmrs]
1306 1828 1344 1875 ⁴5

291 1933 358 1994 Non
374 1933 474 1994 solum
489 1951 549 2014 per
568 1942 693 1996 uosmet
713 1935 797 2014 ipsos
812 1952 966 1996 nouamus
981 1933 1066 2015 quod
1080 1931 1171 1996 nobis
1187 1931 1288 1995 debc-

206 2027 274 2098 tur,
299 2016 356 2080 sed
376 2019 469 2080 etiam
484 2038 545 2100 per
560 2038 630 2099 eos,
655 2040 714 2100 per
729 2040 809 2101 quos
823 2020 969 2101 stipulari
991 2038 1174 2101 possumus,
1196 2020 1286 2080 uelut

205 2123 265 2185 par
293 2103 388 2167 tiliam
411 2104 545 2168 familias
565 2106 620 2167 uel
640 2125 698 2188 per
719 2125 848 2170 seruum
869 2106 1008 2169 iubendo
1029 2107 1082 2168 uel
1104 2114 1207 2167 ratum
1227 2105 1286 2165 ha·
1333 2100 1337 2107 ’

204 2187 320 2253 bondo.
366 2201 550 2272 procurator
564 2210 691 2274 quoque
707 2203 816 2256 noster
836 2213 876 2256 ex
891 2194 981 2255 iussu
994 2201 1100 2254 nostro
1123 2202 1285 2271 receptum

205 2285 303 2340 estut
317 2295 435 2341 nouare
449 2279 559 2358 possit.
1287 2292 1342 2349 ‚so

542 2434 583 2512 [rx
625 2451 662 2494 na
686 2433 949 2512 srrrrmrronravs]

171 2550 181 2609 l
290 2550 487 2614 Substitutus
501 2552 595 2614 heras
615 2551 655 2615 ab
671 2551 824 2632 instituto,
843 2554 898 2632 qui
913 2551 974 2614 sub
989 2550 1170 2614 condicione
1186 2551 1288 2631 sorip-

99 2636 102 2645 '
204 2644 257 2698 tus
272 2646 336 2716 est,
360 2638 483 2700 utiliter
499 2637 560 2700 sibi
576 2639 755 2700 institutum
777 2639 836 2699 hac
852 2639 1051 2720 stipulatione
1073 2657 1186 2701 cauere
1202 2656 1287 2698 com-

108 2760 110 2765 ·
204 2722 308 2802 pellit,
333 2741 373 2785 ne
388 2725 486 2806 petita
500 2724 655 2786 bonorum
670 2723 867 2806 possessione
884 2743 934 2786 res
957 2723 1167 2786 hereditarias
1183 2722 1286 2785 demi·

204 2816 298 2870 nuat:
324 2808 382 2870 hoc
397 2811 482 2871 enim
498 2829 573 2873 casu
588 2830 629 2872 ex
644 2809 697 2873 die
720 2811 922 2891 interpositae
938 2811 1151 2892 stipulationis
1172 2807 1284 2891 duplos
1302 2824 1341 2871 aa

205 2891 327 2955 fructus
349 2904 511 2975 praestare
534 2897 745 2978 compellitur.
792 2897 885 2958 huius
908 2898 990 2958 enim
1013 2895 1243 2977 praeiudicium
1267 2913 1283 2956 a

204 2980 367 3058 superiore
390 2979 512 3060 differt,
538 3001 601 3062 quo
623 2982 804 3062 quaeritur,
836 3000 876 3043 an
900 3002 936 3044 ea
960 3000 1011 3044 res
1034 2982 1074 3044 de
1097 3001 1159 3062 qua
1181 2982 1285 3062 agitur

200 3064 304 3125 'maior
318 3066 359 3126 sit
381 3076 508 3128 centum
523 3069 696 3129 sestertiis:
723 3065 857 3146 ideoque
872 3069 905 3128 in
920 3068 1092 3150 longiorem
1108 3067 1194 3130 diem
1210 3086 1286 3128 con-

166 3150 186 3211 2
204 3150 330 3231 cipitur.
378 3151 425 3212 Ex
447 3151 499 3214 die
520 3154 641 3233 accepti
663 3150 773 3214 iudicii
796 3152 886 3235 dupli
908 3154 1028 3216 lructus
1049 3161 1280 3236 computantur.

204 3244 236 3297 at
263 3244 327 3297 tam
356 3235 468 3300 dantes
495 3256 590 3318 quam
613 3239 819 3319 accipientes,
851 3240 985 3303 heredes
1011 3259 1136 3321 quoque
1161 3258 1281 3317 eorum,
1303 3253 1339 3301 so

202 3331 421 3402 procuratores
448 3325 708 3406 cognitorumque
740 3344 911 3407 personae,
947 3326 1087 3408 itemque
1116 3343 1285 3407 sponsores

204 3406 314 3471 eadem
334 3408 536 3490 stipulatione
558 3410 887 3493 comprehenduntur:
913 3431 1178 3494 eorumquoque,
1204 3430 1285 3491 quo-

204 3527 256 3541 ΛΑΝ

272 3584 297 3644 7,
313 3577 610 3646 athanassi,
627 3586 675 3633 isa
724 3573 730 3587 ²

1234 3687 1285 3704 ΜΝ

275 3752 419 3816 iperinde
432 3753 634 3818 dott.,proinde
647 3754 676 3814 L,
691 3757 738 3805 aut
749 3754 855 3806 indoli
882 3753 893 3817 11
922 3755 1113 3820 tadquiratl.
1142 3754 1154 3819 1
1185 3761 1215 3806 to
1234 3757 1288 3807 ad·

203 3820 287 3883 quirit
298 3821 370 3882 dett,
385 3822 511 3886 adquiret
523 3823 571 3872 Ml
600 3821 612 3885 11
649 3827 675 3872 44
692 3823 891 3888 adquiretllfll
926 3822 937 3887 1
974 3825 1004 3874 tt
1019 3823 1192 3889 concepisti,
1207 3828 1287 3888 gratu

203 3887 234 3939 Μ
266 3888 277 3951 11
312 3893 343 3938 20
364 3904 466 3941 nouare
479 3891 552 3951 dett,
567 3893 661 3942 nouari
676 3893 724 3942 Ml
759 3891 770 3955 11
805 3897 834 3942 at
851 3892 885 3943 da
898 3894 959 3958 stip.
974 3895 1117 3957 praetoriis
1132 3893 1253 3945 Cuiocius
1275 3891 1285 3960 11

202 3959 235 4005 28
256 3959 408 4023 concipitur
428 3959 564 4021 Ceionius,
590 3962 710 4026 concipit
727 3962 769 4021 ll,
795 3962 957 4026 concepitl
1004 3961 1016 4024 11
1062 3966 1093 4011 tt
1113 3962 1209 4014 dantes
1229 3999 1235 4012 .
1252 4000 1281 4015 ..

204 4026 235 4072 ts
249 4027 375 4091 quorum]
389 4028 478 4078 dantis
490 4041 572 4093 quam
584 4031 743 4095 accipientis
757 4031 925 4095 (accipientis
937 4030 998 4095 4441
1014 4030 1138 4094 heredes,
1151 4039 1288 4097 procura·

203 4093 293 4142 torum
311 4108 419 4165 quoque
437 4110 532 4149 eorum
551 4111 629 4163 cogn.
645 4113 716 4164 pers.
732 4099 826 4150 eadem
845 4100 1043 4173 stip.,compr.,
1062 4100 1181 4164 itemque
1200 4112 1288 4166 spon·

201 4172 278 4211 sores
290 4175 395 4227 eorum,
409 4178 526 4228 quorum
538 4179 590 4217 scr.
