3006 4736
226 320 286 386 vlp.
302 323 355 370 to
617 351 704 366 ....
750 320 788 380 10
830 352 918 364 .-

503 506 543 589 [rr
587 526 623 569 m
646 527 692 569 ius
715 526 763 581 ovi
786 526 831 569 ori
854 525 930 568 irus
952 507 1035 586 svm]

192 626 204 685 i
314 629 369 690 Sui
385 629 463 689 iuris
478 636 551 689 sunt
567 626 755 688 familiarum
771 645 900 688 suarum
916 627 1086 706 principes,
1111 623 1143 687 id
1159 634 1206 686 εει
1221 634 1310 705 pater

190 713 363 776 tramitae
386 715 526 793 itemque
550 712 819 776 materfamiliae.
860 713 919 785 Qui
942 721 1040 773 matre
1064 710 1195 792 quidem
1212 719 1306 787 certo,

229 810 318 881 patre
333 809 437 862 autem
453 801 571 861 incerto
587 801 653 861 nati
668 810 753 877 sunt,
772 798 874 879 spurii
890 798 1101 879 appellantur.

472 987 502 1070 [v
545 1007 582 1050 nu
604 1006 651 1049 ms
674 1006 724 1061 ou
745 1006 775 1047 m
797 1006 959 1048 rorrsmrr
983 985 1066 1068 svnr]
1330 1000 1344 1045 t

194 1110 205 1168 t
314 1110 349 1170 ln
371 1118 524 1190 potestate
547 1118 622 1170 sunt
642 1107 735 1169 liberi
758 1117 925 1188 parentum
949 1125 993 1168 etc
1016 1108 1098 1168 iusto
1112 1108 1310 1169 matrimonio

229 1197 304 1257 nati.

191 1283 210 1342 2
314 1283 433 1344 lustum
454 1280 686 1343 matrimonium
709 1288 774 1358 est,
798 1280 825 1341 si
849 1281 933 1341 inter
955 1298 1007 1341 eos
1023 1280 1078 1359 qui
1094 1279 1220 1358 nuptias
1236 1298 1312 1340 con-

228 1369 359 1430 trahunt
380 1365 548 1427 conubium
572 1367 629 1443 sit,
655 1376 686 1427 et
708 1375 770 1427 tam
790 1366 948 1427 masculus
967 1365 1069 1446 pubes
1085 1384 1179 1444 quam
1195 1363 1310 1426 femina

228 1463 342 1534 potens
357 1455 408 1530 sit,
427 1461 458 1512 et
471 1452 599 1531 utrique
616 1453 824 1531 consentiant,
842 1452 870 1514 si
885 1453 935 1513 sui
951 1452 1028 1513 iuris
1043 1460 1129 1529 sunt,
1148 1452 1311 1513 autetiam
1333 1464 1364 1509 to

191 1541 209 1601 3
227 1548 377 1621 parentes
401 1556 526 1615 eorum,
552 1539 579 1599 si
604 1539 636 1598 in
653 1547 806 1617 potestate
822 1546 908 1600 sunt.
950 1536 1126 1599 Conubium
1142 1547 1189 1599 est
1204 1539 1313 1599 uxoris

193 1628 209 1686 i
230 1627 297 1687 iure
313 1622 478 1685 ducendae
495 1622 637 1686 facultas.
671 1624 846 1686 Conubium
861 1624 978 1685 habent
993 1625 1079 1685 ciues
1095 1624 1225 1685 Romani
1241 1643 1312 1685 cum

230 1709 356 1773 ciuibus
378 1710 542 1771 Romanis:
576 1729 647 1772 cum
670 1711 785 1771 Latinis
807 1718 913 1772 autem
937 1719 969 1771 et
990 1710 1168 1790 peregrinis
1193 1712 1253 1787 ita,
1286 1711 1313 1770 si

149 1795 168 1854 t
194 1801 212 1857 6
230 1814 414 1859 concessum
429 1797 480 1857 sit.
520 1795 599 1866 Cum
616 1798 718 1858 seruis
734 1796 857 1857 nullum
873 1806 921 1857 est
935 1795 1117 1857 conubium.
1157 1797 1242 1857 luter
1258 1814 1315 1875 pa-

231 1892 336 1944 rentes
357 1891 389 1943 et
411 1880 528 1943 liberos
550 1882 672 1943 infinite
688 1883 916 1961 cuiuscumque
933 1881 1050 1962 gradus
1065 1883 1127 1943 sint
1143 1881 1314 1944 conubium
1334 1894 1366 1940 ιε

230 1987 293 2030 non
310 1978 368 2029 est.
404 1969 488 2029 inter
502 1977 647 2048 cognatos
662 1978 767 2030 autem
783 1987 823 2030 ex
839 1978 1021 2030 transuerso
1036 1967 1136 2048 gradu
1152 1969 1226 2029 olim
1242 1969 1315 2048 qui-

231 2055 302 2117 dem
326 2073 429 2134 usque
445 2053 486 2116 ad
500 2063 649 2134 quartum
664 2054 794 2134 gradum
810 2055 1008 2116 matrimonia
1023 2056 1163 2117 contrahi
1179 2073 1242 2115 non
1258 2070 1315 2134 po·
1354 2106 1357 2111 4

231 2149 354 2202 terant:
380 2158 465 2202 nunc
485 2150 591 2202 autem
612 2143 706 2202 etiam
730 2160 770 2202 ex
791 2142 883 2202 tertio
902 2138 1003 2221 gradu
1018 2141 1092 2202 licet
1106 2134 1238 2203 uxorem
1253 2139 1315 2201 du-

231 2246 320 2305 cere,
346 2227 403 2289 sed
424 2235 544 2288 tantum
560 2225 668 2288 fratris
684 2227 798 2304 filiam,
824 2245 887 2287 non
904 2228 998 2288 etiam
1015 2227 1131 2289 sororis
1146 2225 1239 2288 filiam
1260 2236 1315 2288 aut

231 2314 358 2375 amitam
381 2313 434 2375 uel
456 2322 667 2389 materteram,
695 2314 842 2392 quamuis
865 2312 977 2375 eodem
999 2312 1098 2393 gradu
1121 2313 1196 2374 sint.
1232 2331 1311 2389 eam,
1334 2324 1367 2370 so

232 2420 313 2481 quae
336 2418 472 2461 nouerca
493 2400 546 2460 uel
567 2401 714 2479 priuigna
736 2400 789 2461 uel
810 2418 910 2461 nurus
928 2399 981 2462 uel
996 2417 1104 2461 socrus
1119 2407 1227 2460 nostra
1242 2397 1312 2476 tuit,

194 2483 212 2544 7
231 2505 362 2549 uxorem
385 2484 507 2547 ducere
527 2503 589 2546 uon
612 2503 789 2564 possumus.
830 2486 864 2547 Si
880 2486 953 2565 quis
969 2504 1037 2545 eam
1053 2503 1148 2564 quam
1164 2485 1317 2547 nonlicet

231 2592 363 2635 uxorem
378 2571 523 2649 duxerit,
551 2572 707 2632 incestum
729 2572 964 2633 matrimonium
981 2570 1153 2632 contrabit:
1179 2570 1316 2650 ideoque

231 2658 325 2720 liberi
346 2658 379 2718 in
400 2665 551 2737 potestate
574 2657 642 2718 cius
663 2676 727 2718 non
750 2657 847 2734 fiunt,
872 2655 929 2718 sed
951 2657 1041 2736 quasi
1062 2656 1158 2737 uulgo
1174 2657 1316 2736 concepti

232 2744 334 2824 spurii
349 2752 435 2804 sunt.
1336 2753 1368 2800 25

195 2827 213 2886 8
319 2828 459 2889 Conubio
482 2829 714 2890 interueniente
730 2827 823 2889 liberi
839 2832 965 2908 semper
978 2837 1102 2909 patrem
1117 2838 1313 2908 sequuntur:

233 2934 296 2976 non
318 2915 550 2976 interueniente
572 2913 706 2975 conubio
728 2914 838 2975 matris
860 2911 1039 2995 condicioni
1058 2914 1230 2993 accedunt,
1261 2933 1318 2976 ex-

233 3010 325 3082 cepto
348 3019 383 3061 eo
404 3002 460 3079 qui
483 3020 523 3062 ex
537 3000 706 3080 peregrino
722 3009 754 3061 et
769 3001 839 3060 ciue
855 3000 992 3062 Romana
1008 3002 1198 3081 peregrinus
1213 3001 1319 3062 nasci-

232 3097 300 3165 tur,
327 3087 475 3165 quoniam
499 3087 551 3147 lex
566 3087 687 3147 Minicia
703 3105 744 3146 ex
758 3085 909 3147 alterutro
924 3089 1090 3166 peregrino
1105 3096 1213 3147 natum
1228 3084 1319 3148 dete-

195 3173 214 3232 9
234 3175 326 3233 rioris
341 3172 484 3252 parentis
500 3171 714 3235 condicionem
729 3172 821 3252 sequi
837 3170 936 3233 iubet.
976 3174 1020 3233 Ex
1041 3174 1112 3234 ciue
1129 3173 1265 3234 Romano
1287 3181 1318 3234 et
1337 3184 1370 3230 ao

236 3310 421 3323 xrfomtsAtvmtvv
430 3310 549 3321 ΛωιΛΛκψι
559 3311 581 3321 ω
590 3312 611 3321 ,ψ
623 3310 661 3320 νυν
670 3310 706 3320 lxm
713 3312 738 3321 jv
779 3306 1318 3323 'mnfxsoex'xtxmvvxwvvmms'xm'mtxmmvmt

302 3382 316 3426 3
336 3382 409 3429 certa
427 3391 477 3428 om.
496 3378 515 3429 G
548 3374 558 3443 ΙΙ
594 3381 607 3427 t
626 3375 653 3441 §fi
668 3380 715 3427 tr
736 3391 770 3427 eor
782 3378 856 3427 titulo
873 3377 908 3428 do
926 3377 1026 3442 nuptiis
1044 3380 1173 3441 excerpsit
1188 3377 1264 3439 Coit,
1283 3378 1317 3441 cf.

230 3446 384 3509 praetem
410 3442 421 3513 ΙΙ
446 3447 592 3509 texietc
613 3442 624 3511 ΙΙ
644 3445 779 3496 tiustoG
801 3441 812 3511 ΙΙ
833 3443 1156 3512 ιιεωειῐιεεευιοεΟΙ
1187 3450 1319 3497 ιιεοηιε-

233 3516 309 3565 bium
322 3532 356 3564 *o
368 3516 470 3567 habent
486 3515 519 3567 Ca
541 3512 551 3580 ΙΙ
576 3519 605 3564 tt
621 3514 724 3564 infinite
737 3528 785 3564 mn.
804 3514 867 3567 cort.
886 3513 896 3582 11
914 3517 949 3566 sit
964 3515 1038 3575 Coit,
1053 3528 1103 3565 om.
1121 3515 1141 3567 C
1164 3512 1169 3582 Ι
1193 3517 1318 3567 scotiam

234 3599 283 3635 ooo.
301 3585 364 3637 0011.
400 3582 410 3652 ΙΙ
446 3588 476 3633 te
496 3586 600 3634 tantum
616 3583 691 3644 coo,
711 3583 836 3633 temenC
862 3582 873 3651 ΙΙ
902 3584 999 3634 iratres
1014 3584 1047 3635 0⁸
1080 3581 1091 3651 ΙΙ
1124 3583 1283 3636 fliiunonC
1309 3580 1321 3650 ΙΙ

233 3653 288 3705 filia
310 3654 345 3714 C,
371 3667 421 3705 om.
444 3652 506 3703 Coti:
542 3648 553 3721 {i
586 3656 634 3703 eut
657 3655 740 3703 amita
764 3653 809 3703 uei
833 3657 978 3704 matertera
996 3652 1031 3715 Ο,
1057 3667 1109 3703 nec
1133 3655 1244 3704 amitam
1268 3666 1319 3703 nec

234 3726 409 3774 materteram
424 3723 478 3784 (-ra
494 3720 579 3772 Coti.w
596 3721 684 3783 cotra)
701 3720 763 3772 Coit.
794 3718 804 3786 ΙΙ
833 3725 865 3770 tt
885 3724 939 3772 sint
953 3721 1026 3783 Coit,
1046 3721 1116 3773 sitG
1139 3718 1151 3786 ΙΙ
1176 3736 1237 3774 eam
1249 3735 1320 3785 quae

236 3791 310 3854 cut,
329 3790 613 3856 eademqueuxorec
646 3786 656 3855 ΙΙ
692 3794 719 3840 st
742 3804 827 3840 norus
843 3790 885 3852 0²,
905 3805 976 3856 quoe
993 3804 1079 3842 nurus
1095 3789 1158 3842 Coit.
1188 3788 1198 3857 11
1227 3794 1319 3841 nostra
1393 3796 1399 3810 '·

234 3874 284 3910 om.
301 3860 363 3912 Gotl.
388 3857 398 3927 ΙΙ
422 3864 453 3909 22
467 3874 580 3911 uxorem
596 3859 671 3917 Golt,
686 3872 735 3909 om.
754 3859 829 3922 Gtcf.
844 3861 878 3910 od
890 3875 917 3911 o.
932 3862 973 3922 ει)
1000 3857 1010 3925 ΙΙ
1034 3863 1064 3909 st
1080 3860 1119 3910 eis
1135 3859 1198 3912 Coit.
1217 3855 1228 3924 ΙΙ
1252 3873 1321 3910 con-

235 3932 358 3995 concepti
381 3929 414 3980 Οἃ
492 3933 524 3978 25
548 3930 636 3994 sperei
658 3928 705 3988 Ca,
726 3943 738 3979 s
758 3930 817 3979 urei
839 3926 872 3981 Cb
911 3927 922 3995 ΙΙ
963 3932 995 3977 26
1015 3928 1164 3979 conubium
1183 3944 1216 3977 a*
1235 3929 1320 3979 inter-

233 4000 390 4049 uenientem
406 3998 426 4049 C
480 4003 511 4048 st
533 3997 689 4048 conditione
704 3996 723 4048 G
739 3942 757 4062 bi
779 4001 811 4046 ΞΒ
831 3997 872 4059 eo]
887 3996 985 4049 eumG
1007 3993 1017 4061 ΙΙ
1041 3999 1216 4061 aequoniam
1229 4013 1245 4044 ε
1262 4000 1323 4059 (ooo

234 4067 295 4130 odo)
312 4067 355 4117 ier
370 4065 435 4187 0⁸0ss
458 4069 570 4118 minicia
585 4065 643 4117 Gai.
660 4071 684 4127 t,
698 4068 742 4124 78,
757 4068 861 4116 mensia
878 4067 898 4117 C
919 4063 929 4133 ΙΙ
956 4068 1019 4116 nato
1032 4066 1180 4117 deteriores
1192 4070 1320 4131 parentes

235 4136 391 4187 conditione
