<?xml version="1.0" encoding="UTF-8"?>
<!DOCTYPE html PUBLIC "-//W3C//DTD XHTML 1.0 Transitional//EN"
    "http://www.w3.org/TR/xhtml1/DTD/xhtml1-transitional.dtd">
<html xmlns="http://www.w3.org/1999/xhtml" xml:lang="en" lang="en">
 <head>
  <title>
</title>
<meta http-equiv="Content-Type" content="text/html;charset=utf-8" />
  <meta name='ocr-system' content='tesseract 3.04.00' />
  <meta name='ocr-capabilities' content='ocr_page ocr_carea ocr_par ocr_line ocrx_word'/>
</head>
<body>
  <div class='ocr_page' id='page_1' title='image "./collectiolibror02paulgoog_0098.png"; bbox 0 0 3010 4738; ppageno 0'>
   <div class='ocr_carea' id='block_1_1' title="bbox 605 313 1293 377">
    <p class='ocr_par' dir='ltr' id='par_1_1' title="bbox 605 313 1293 377">
     <span class='ocr_line' id='line_1_1' title="bbox 605 313 1293 377; baseline 0.012 -18"><span class='ocrx_word' id='word_1_1' title='bbox 605 347 690 359; x_wconf 90' lang='lat'>....</span> <span class='ocrx_word' id='word_1_2' title='bbox 734 313 774 376; x_wconf 78' lang='lat'><strong>85</strong></span> <span class='ocrx_word' id='word_1_3' title='bbox 818 348 905 360; x_wconf 86' lang='lat'>...-</span> <span class='ocrx_word' id='word_1_4' title='bbox 1129 316 1202 366; x_wconf 87' lang='lat' dir='ltr'><strong>Paul.</strong></span> <span class='ocrx_word' id='word_1_5' title='bbox 1217 317 1263 377; x_wconf 92' lang='lat'><strong>111,</strong></span> <span class='ocrx_word' id='word_1_6' title='bbox 1279 320 1293 366; x_wconf 81' lang='grc'><strong>5</strong></span> 
     </span>
    </p>
   </div>
   <div class='ocr_carea' id='block_1_2' title="bbox 152 501 1341 2648">
    <p class='ocr_par' dir='ltr' id='par_1_2' title="bbox 152 501 1341 2648">
     <span class='ocr_line' id='line_1_2' title="bbox 173 501 1294 583; baseline 0.006 -22"><span class='ocrx_word' id='word_1_7' title='bbox 173 504 192 561; x_wconf 82' lang='lat'><strong>3</strong></span> <span class='ocrx_word' id='word_1_8' title='bbox 213 503 399 564; x_wconf 88' lang='lat' dir='ltr'><strong>termittere.</strong></span> <span class='ocrx_word' id='word_1_9' title='bbox 446 503 578 564; x_wconf 85' lang='lat' dir='ltr'><strong>Domino</strong></span> <span class='ocrx_word' id='word_1_10' title='bbox 600 503 701 564; x_wconf 88' lang='lat' dir='ltr'><strong>ooeiso</strong></span> <span class='ocrx_word' id='word_1_11' title='bbox 722 501 762 563; x_wconf 87' lang='lat' dir='ltr'><strong>de</strong></span> <span class='ocrx_word' id='word_1_12' title='bbox 785 521 822 564; x_wconf 89' lang='lat' dir='ltr'><strong>ea</strong></span> <span class='ocrx_word' id='word_1_13' title='bbox 844 502 961 565; x_wconf 81' lang='lat' dir='ltr'><strong>familia</strong></span> <span class='ocrx_word' id='word_1_14' title='bbox 981 506 1124 583; x_wconf 79' lang='lat' dir='ltr'>quaestio</span> <span class='ocrx_word' id='word_1_15' title='bbox 1146 505 1294 568; x_wconf 84' lang='lat' dir='ltr'><strong>habenda</strong></span> 
     </span>
     <span class='ocr_line' id='line_1_3' title="bbox 179 588 1291 669; baseline 0.004 -19"><span class='ocrx_word' id='word_1_16' title='bbox 179 588 181 591; x_wconf 76' lang='grc'><strong>’</strong></span> <span class='ocrx_word' id='word_1_17' title='bbox 213 600 275 668; x_wconf 91' lang='lat' dir='ltr'><strong>est,</strong></span> <span class='ocrx_word' id='word_1_18' title='bbox 294 607 376 669; x_wconf 91' lang='lat' dir='ltr'><strong>quae</strong></span> <span class='ocrx_word' id='word_1_19' title='bbox 400 590 483 651; x_wconf 89' lang='lat' dir='ltr'><strong>intra</strong></span> <span class='ocrx_word' id='word_1_20' title='bbox 505 598 624 651; x_wconf 88' lang='lat' dir='ltr'><strong>teotum</strong></span> <span class='ocrx_word' id='word_1_21' title='bbox 647 589 761 664; x_wconf 84' lang='lat' dir='ltr'><strong>fuerit,</strong></span> <span class='ocrx_word' id='word_1_22' title='bbox 790 588 845 649; x_wconf 87' lang='lat' dir='ltr'><strong>uel</strong></span> <span class='ocrx_word' id='word_1_23' title='bbox 863 597 950 650; x_wconf 86' lang='lat' dir='ltr'><strong>eerte</strong></span> <span class='ocrx_word' id='word_1_24' title='bbox 971 599 1060 652; x_wconf 80' lang='lat' dir='ltr'><strong>extra</strong></span> <span class='ocrx_word' id='word_1_25' title='bbox 1080 601 1197 653; x_wconf 89' lang='lat' dir='ltr'><strong>teotum</strong></span> <span class='ocrx_word' id='word_1_26' title='bbox 1221 612 1291 655; x_wconf 91' lang='lat' dir='ltr'><strong>oum</strong></span> 
     </span>
     <span class='ocr_line' id='line_1_4' title="bbox 175 673 1296 758; baseline 0.003 -23"><span class='ocrx_word' id='word_1_27' title='bbox 175 676 193 735; x_wconf 81' lang='lat' dir='ltr'><strong>t</strong></span> <span class='ocrx_word' id='word_1_28' title='bbox 214 675 341 736; x_wconf 89' lang='lat' dir='ltr'><strong>domino</strong></span> <span class='ocrx_word' id='word_1_29' title='bbox 356 693 392 737; x_wconf 92' lang='lat' dir='ltr'><strong>eo</strong></span> <span class='ocrx_word' id='word_1_30' title='bbox 414 684 554 752; x_wconf 87' lang='lat' dir='ltr'><strong>tempore</strong></span> <span class='ocrx_word' id='word_1_31' title='bbox 569 693 630 754; x_wconf 93' lang='lat' dir='ltr'><strong>quo</strong></span> <span class='ocrx_word' id='word_1_32' title='bbox 644 673 857 736; x_wconf 78' lang='lat' dir='ltr'><strong>occidebatur.</strong></span> <span class='ocrx_word' id='word_1_33' title='bbox 904 675 964 747; x_wconf 89' lang='lat' dir='ltr'><strong>Qui</strong></span> <span class='ocrx_word' id='word_1_34' title='bbox 980 676 1100 738; x_wconf 87' lang='lat' dir='ltr'><strong>oeoisus</strong></span> <span class='ocrx_word' id='word_1_35' title='bbox 1114 676 1247 755; x_wconf 87' lang='lat' dir='ltr'><strong>dieitur,</strong></span> <span class='ocrx_word' id='word_1_36' title='bbox 1265 679 1296 758; x_wconf 85' lang='lat' dir='ltr'><strong>si</strong></span> 
     </span>
     <span class='ocr_line' id='line_1_5' title="bbox 213 759 1291 841; baseline 0.006 -19"><span class='ocrx_word' id='word_1_37' title='bbox 213 769 335 823; x_wconf 88' lang='lat' dir='ltr'><strong>oonstet</strong></span> <span class='ocrx_word' id='word_1_38' title='bbox 356 780 429 822; x_wconf 91' lang='lat' dir='ltr'><strong>eum</strong></span> <span class='ocrx_word' id='word_1_39' title='bbox 450 760 513 822; x_wconf 91' lang='lat' dir='ltr'><strong>sihi</strong></span> <span class='ocrx_word' id='word_1_40' title='bbox 536 778 662 841; x_wconf 90' lang='lat' dir='ltr'><strong>quoquo</strong></span> <span class='ocrx_word' id='word_1_41' title='bbox 686 759 776 821; x_wconf 91' lang='lat' dir='ltr'><strong>modo</strong></span> <span class='ocrx_word' id='word_1_42' title='bbox 799 778 912 823; x_wconf 92' lang='lat' dir='ltr'><strong>manus</strong></span> <span class='ocrx_word' id='word_1_43' title='bbox 926 759 1086 840; x_wconf 90' lang='lat' dir='ltr'><strong>intulisse,</strong></span> <span class='ocrx_word' id='word_1_44' title='bbox 1112 761 1153 824; x_wconf 92' lang='lat' dir='ltr'><strong>de</strong></span> <span class='ocrx_word' id='word_1_45' title='bbox 1174 762 1291 828; x_wconf 81' lang='lat' dir='ltr'><strong>familia</strong></span> 
     </span>
     <span class='ocr_line' id='line_1_6' title="bbox 213 844 1325 928; baseline -0.001 -20"><span class='ocrx_word' id='word_1_46' title='bbox 213 848 283 909; x_wconf 85' lang='lat' dir='ltr'><strong>sius</strong></span> <span class='ocrx_word' id='word_1_47' title='bbox 296 849 439 927; x_wconf 79' lang='lat' dir='ltr'><strong>quaestio</strong></span> <span class='ocrx_word' id='word_1_48' title='bbox 454 865 517 908; x_wconf 97' lang='lat' dir='ltr'><strong>non</strong></span> <span class='ocrx_word' id='word_1_49' title='bbox 533 856 581 909; x_wconf 88' lang='lat' dir='ltr'><strong>est</strong></span> <span class='ocrx_word' id='word_1_50' title='bbox 592 845 750 924; x_wconf 90' lang='lat' dir='ltr'><strong>habenda,</strong></span> <span class='ocrx_word' id='word_1_51' title='bbox 768 847 830 908; x_wconf 91' lang='lat' dir='ltr'><strong>nisi</strong></span> <span class='ocrx_word' id='word_1_52' title='bbox 847 846 926 907; x_wconf 82' lang='lat' dir='ltr'><strong>torte</strong></span> <span class='ocrx_word' id='word_1_53' title='bbox 937 844 1107 926; x_wconf 89' lang='lat' dir='ltr'><strong>prohibere</strong></span> <span class='ocrx_word' id='word_1_54' title='bbox 1118 852 1219 928; x_wconf 90' lang='lat' dir='ltr'><strong>potuit</strong></span> <span class='ocrx_word' id='word_1_55' title='bbox 1233 869 1292 912; x_wconf 87' lang='lat' dir='ltr'><strong>neo</strong></span> <span class='ocrx_word' id='word_1_56' title='bbox 1311 862 1325 907; x_wconf 80' lang='lat' dir='ltr'><strong>a</strong></span> 
     </span>
     <span class='ocr_line' id='line_1_7' title="bbox 167 930 1292 1013; baseline 0.006 -22"><span class='ocrx_word' id='word_1_57' title='bbox 167 932 193 991; x_wconf 62' lang='grc' dir='ltr'><strong>»ὅ</strong></span> <span class='ocrx_word' id='word_1_58' title='bbox 212 930 384 1013; x_wconf 75' lang='lat' dir='ltr'><strong>prohibuit.</strong></span> <span class='ocrx_word' id='word_1_59' title='bbox 431 933 609 995; x_wconf 90' lang='lat' dir='ltr'><strong>Neroniano</strong></span> <span class='ocrx_word' id='word_1_60' title='bbox 636 942 765 995; x_wconf 89' lang='lat' dir='ltr'><strong>senatus</strong></span> <span class='ocrx_word' id='word_1_61' title='bbox 786 933 928 993; x_wconf 82' lang='lat' dir='ltr'><strong>consulto</strong></span> <span class='ocrx_word' id='word_1_62' title='bbox 952 942 1101 1005; x_wconf 86' lang='lat' dir='ltr'><strong>eauetur,</strong></span> <span class='ocrx_word' id='word_1_63' title='bbox 1129 942 1172 995; x_wconf 76' lang='lat' dir='ltr'><strong>ut‘</strong></span> <span class='ocrx_word' id='word_1_64' title='bbox 1189 938 1292 998; x_wconf 88' lang='lat' dir='ltr'><strong>oeoisa</strong></span> 
     </span>
     <span class='ocr_line' id='line_1_8' title="bbox 212 1017 1291 1100; baseline 0.002 -19"><span class='ocrx_word' id='word_1_65' title='bbox 212 1038 310 1081; x_wconf 80' lang='lat' dir='ltr'><strong>uxore</strong></span> <span class='ocrx_word' id='word_1_66' title='bbox 323 1020 418 1081; x_wconf 91' lang='lat' dir='ltr'><strong>etiam</strong></span> <span class='ocrx_word' id='word_1_67' title='bbox 430 1018 471 1081; x_wconf 92' lang='lat' dir='ltr'><strong>de</strong></span> <span class='ocrx_word' id='word_1_68' title='bbox 484 1018 602 1081; x_wconf 83' lang='lat' dir='ltr'><strong>familia</strong></span> <span class='ocrx_word' id='word_1_69' title='bbox 616 1019 678 1079; x_wconf 89' lang='lat' dir='ltr'><strong>uiri</strong></span> <span class='ocrx_word' id='word_1_70' title='bbox 690 1021 834 1098; x_wconf 79' lang='lat' dir='ltr'><strong>quaestio</strong></span> <span class='ocrx_word' id='word_1_71' title='bbox 849 1017 1014 1096; x_wconf 79' lang='lat' dir='ltr'><strong>habeatur,</strong></span> <span class='ocrx_word' id='word_1_72' title='bbox 1033 1018 1177 1100; x_wconf 86' lang='lat' dir='ltr'><strong>idemque</strong></span> <span class='ocrx_word' id='word_1_73' title='bbox 1194 1023 1243 1083; x_wconf 85' lang='lat' dir='ltr'><strong>ius</strong></span> <span class='ocrx_word' id='word_1_74' title='bbox 1259 1024 1291 1083; x_wconf 82' lang='lat' dir='ltr'><strong>in</strong></span> 
     </span>
     <span class='ocr_line' id='line_1_9' title="bbox 173 1102 1289 1184; baseline 0.004 -21"><span class='ocrx_word' id='word_1_75' title='bbox 173 1105 321 1167; x_wconf 80' lang='lat' dir='ltr'><strong>huxoris</strong></span> <span class='ocrx_word' id='word_1_76' title='bbox 345 1103 462 1168; x_wconf 84' lang='lat' dir='ltr'><strong>familia</strong></span> <span class='ocrx_word' id='word_1_77' title='bbox 487 1104 691 1180; x_wconf 87' lang='lat' dir='ltr'><strong>obseruatur‚</strong></span> <span class='ocrx_word' id='word_1_78' title='bbox 724 1105 751 1165; x_wconf 89' lang='lat' dir='ltr'><strong>si</strong></span> <span class='ocrx_word' id='word_1_79' title='bbox 778 1106 829 1166; x_wconf 86' lang='lat' dir='ltr'><strong>uir</strong></span> <span class='ocrx_word' id='word_1_80' title='bbox 855 1102 980 1166; x_wconf 83' lang='lat' dir='ltr'><strong>dicatur</strong></span> <span class='ocrx_word' id='word_1_81' title='bbox 1007 1107 1138 1166; x_wconf 88' lang='lat' dir='ltr'><strong>ooeisus.</strong></span> <span class='ocrx_word' id='word_1_82' title='bbox 1185 1107 1289 1184; x_wconf 87' lang='lat' dir='ltr'><strong>Serui,</strong></span> 
     </span>
     <span class='ocr_line' id='line_1_10' title="bbox 213 1179 1292 1271; baseline 0 -18"><span class='ocrx_word' id='word_1_83' title='bbox 213 1193 267 1271; x_wconf 92' lang='lat' dir='ltr'><strong>qui</strong></span> <span class='ocrx_word' id='word_1_84' title='bbox 284 1190 345 1253; x_wconf 91' lang='lat' dir='ltr'><strong>suh</strong></span> <span class='ocrx_word' id='word_1_85' title='bbox 367 1191 476 1253; x_wconf 91' lang='lat' dir='ltr'><strong>eodem</strong></span> <span class='ocrx_word' id='word_1_86' title='bbox 499 1200 581 1252; x_wconf 88' lang='lat' dir='ltr'><strong>teoto</strong></span> <span class='ocrx_word' id='word_1_87' title='bbox 597 1179 743 1269; x_wconf 79' lang='lat' dir='ltr'><strong>fue&#39;runt,</strong></span> <span class='ocrx_word' id='word_1_88' title='bbox 769 1189 824 1252; x_wconf 93' lang='lat' dir='ltr'><strong>uhi</strong></span> <span class='ocrx_word' id='word_1_89' title='bbox 841 1189 987 1252; x_wconf 92' lang='lat' dir='ltr'><strong>dominus</strong></span> <span class='ocrx_word' id='word_1_90' title='bbox 1008 1190 1196 1271; x_wconf 76' lang='lat' dir='ltr'><strong>perhibetur</strong></span> <span class='ocrx_word' id='word_1_91' title='bbox 1209 1194 1292 1253; x_wconf 83' lang='lat' dir='ltr'><strong>ocei-</strong></span> 
     </span>
     <span class='ocr_line' id='line_1_11' title="bbox 212 1278 1341 1358; baseline 0.003 -21"><span class='ocrx_word' id='word_1_92' title='bbox 212 1296 277 1356; x_wconf 90' lang='lat' dir='ltr'><strong>sus,</strong></span> <span class='ocrx_word' id='word_1_93' title='bbox 295 1286 328 1339; x_wconf 89' lang='lat' dir='ltr'><strong>et</strong></span> <span class='ocrx_word' id='word_1_94' title='bbox 342 1286 533 1358; x_wconf 89' lang='lat' dir='ltr'><strong>torquentur</strong></span> <span class='ocrx_word' id='word_1_95' title='bbox 547 1288 579 1339; x_wconf 91' lang='lat' dir='ltr'><strong>et</strong></span> <span class='ocrx_word' id='word_1_96' title='bbox 590 1279 778 1357; x_wconf 91' lang='lat' dir='ltr'><strong>puniuntur,</strong></span> <span class='ocrx_word' id='word_1_97' title='bbox 797 1278 856 1338; x_wconf 91' lang='lat' dir='ltr'><strong>etsi</strong></span> <span class='ocrx_word' id='word_1_98' title='bbox 867 1286 1055 1339; x_wconf 85' lang='lat' dir='ltr'><strong>testamento</strong></span> <span class='ocrx_word' id='word_1_99' title='bbox 1070 1278 1163 1339; x_wconf 89' lang='lat' dir='ltr'><strong>oooisi</strong></span> <span class='ocrx_word' id='word_1_100' title='bbox 1177 1297 1292 1340; x_wconf 90' lang='lat' dir='ltr'><strong>manu·</strong></span> <span class='ocrx_word' id='word_1_101' title='bbox 1311 1290 1341 1333; x_wconf 82' lang='lat' dir='ltr'><strong>tt</strong></span> 
     </span>
     <span class='ocr_line' id='line_1_12' title="bbox 212 1363 1292 1444; baseline 0.003 -21"><span class='ocrx_word' id='word_1_102' title='bbox 212 1364 301 1425; x_wconf 88' lang='lat' dir='ltr'><strong>missi</strong></span> <span class='ocrx_word' id='word_1_103' title='bbox 322 1364 398 1425; x_wconf 88' lang='lat' dir='ltr'><strong>sint.</strong></span> <span class='ocrx_word' id='word_1_104' title='bbox 445 1363 502 1425; x_wconf 91' lang='lat' dir='ltr'><strong>sed</strong></span> <span class='ocrx_word' id='word_1_105' title='bbox 525 1363 604 1425; x_wconf 91' lang='lat' dir='ltr'><strong>ethi</strong></span> <span class='ocrx_word' id='word_1_106' title='bbox 625 1372 827 1444; x_wconf 90' lang='lat' dir='ltr'><strong>torquentur,</strong></span> <span class='ocrx_word' id='word_1_107' title='bbox 853 1364 910 1442; x_wconf 92' lang='lat' dir='ltr'><strong>qui</strong></span> <span class='ocrx_word' id='word_1_108' title='bbox 926 1381 996 1424; x_wconf 89' lang='lat' dir='ltr'><strong>oum</strong></span> <span class='ocrx_word' id='word_1_109' title='bbox 1010 1365 1113 1424; x_wconf 89' lang='lat' dir='ltr'><strong>oeoiso</strong></span> <span class='ocrx_word' id='word_1_110' title='bbox 1129 1365 1161 1427; x_wconf 88' lang='lat' dir='ltr'><strong>iu</strong></span> <span class='ocrx_word' id='word_1_111' title='bbox 1177 1365 1292 1426; x_wconf 89' lang='lat' dir='ltr'><strong>itinere</strong></span> 
     </span>
     <span class='ocr_line' id='line_1_13' title="bbox 172 1447 1292 1531; baseline 0.004 -23"><span class='ocrx_word' id='word_1_112' title='bbox 172 1447 354 1511; x_wconf 71' lang='lat' dir='ltr'><strong>iiuerunt.</strong></span> <span class='ocrx_word' id='word_1_113' title='bbox 401 1450 494 1511; x_wconf 90' lang='lat' dir='ltr'><strong>Serui</strong></span> <span class='ocrx_word' id='word_1_114' title='bbox 516 1449 556 1511; x_wconf 89' lang='lat' dir='ltr'><strong>de</strong></span> <span class='ocrx_word' id='word_1_115' title='bbox 579 1451 721 1531; x_wconf 82' lang='lat' dir='ltr'><strong>proximo</strong></span> <span class='ocrx_word' id='word_1_116' title='bbox 741 1451 785 1526; x_wconf 88' lang='lat' dir='ltr'><strong>si,</strong></span> <span class='ocrx_word' id='word_1_117' title='bbox 809 1468 882 1510; x_wconf 86' lang='lat' dir='ltr'><strong>eum</strong></span> <span class='ocrx_word' id='word_1_118' title='bbox 904 1458 1030 1529; x_wconf 89' lang='lat' dir='ltr'><strong>possent</strong></span> <span class='ocrx_word' id='word_1_119' title='bbox 1050 1447 1149 1528; x_wconf 83' lang='lat' dir='ltr'><strong>ferre,</strong></span> <span class='ocrx_word' id='word_1_120' title='bbox 1175 1449 1292 1513; x_wconf 89' lang='lat' dir='ltr'><strong>auditis</strong></span> 
     </span>
     <span class='ocr_line' id='line_1_14' title="bbox 172 1534 1292 1614; baseline 0.004 -21"><span class='ocrx_word' id='word_1_121' title='bbox 172 1536 192 1593; x_wconf 85' lang='lat'>8</span> <span class='ocrx_word' id='word_1_122' title='bbox 211 1535 402 1598; x_wconf 82' lang='lat' dir='ltr'><strong>elamoribus</strong></span> <span class='ocrx_word' id='word_1_123' title='bbox 423 1537 575 1598; x_wconf 79' lang='lat' dir='ltr'><strong>auxilium</strong></span> <span class='ocrx_word' id='word_1_124' title='bbox 592 1534 718 1597; x_wconf 91' lang='lat' dir='ltr'><strong>domino</strong></span> <span class='ocrx_word' id='word_1_125' title='bbox 732 1554 795 1596; x_wconf 92' lang='lat' dir='ltr'><strong>non</strong></span> <span class='ocrx_word' id='word_1_126' title='bbox 810 1535 970 1613; x_wconf 88' lang='lat' dir='ltr'><strong>tulerunt,</strong></span> <span class='ocrx_word' id='word_1_127' title='bbox 989 1535 1175 1614; x_wconf 87' lang='lat' dir='ltr'><strong>puniuntur.</strong></span> <span class='ocrx_word' id='word_1_128' title='bbox 1216 1537 1292 1598; x_wconf 83' lang='lat' dir='ltr'><strong>Ser-</strong></span> 
     </span>
     <span class='ocr_line' id='line_1_15' title="bbox 211 1619 1292 1703; baseline 0 -20"><span class='ocrx_word' id='word_1_129' title='bbox 211 1640 284 1699; x_wconf 82' lang='lat' dir='ltr'><strong>uos,</strong></span> <span class='ocrx_word' id='word_1_130' title='bbox 310 1623 366 1702; x_wconf 91' lang='lat' dir='ltr'><strong>qui</strong></span> <span class='ocrx_word' id='word_1_131' title='bbox 389 1624 422 1683; x_wconf 90' lang='lat' dir='ltr'><strong>in</strong></span> <span class='ocrx_word' id='word_1_132' title='bbox 437 1623 551 1686; x_wconf 90' lang='lat' dir='ltr'><strong>itinere</strong></span> <span class='ocrx_word' id='word_1_133' title='bbox 574 1620 803 1684; x_wconf 87' lang='lat' dir='ltr'><strong>oireumdatum</strong></span> <span class='ocrx_word' id='word_1_134' title='bbox 827 1619 1034 1683; x_wconf 89' lang='lat' dir='ltr'><strong>alatronibus</strong></span> <span class='ocrx_word' id='word_1_135' title='bbox 1056 1619 1217 1684; x_wconf 89' lang='lat' dir='ltr'><strong>dominum</strong></span> <span class='ocrx_word' id='word_1_136' title='bbox 1234 1642 1292 1703; x_wconf 88' lang='lat' dir='ltr'><strong>per</strong></span> 
     </span>
     <span class='ocr_line' id='line_1_16' title="bbox 212 1706 1340 1790; baseline 0.002 -22"><span class='ocrx_word' id='word_1_137' title='bbox 212 1706 317 1788; x_wconf 79' lang='lat' dir='ltr'><strong>fugam</strong></span> <span class='ocrx_word' id='word_1_138' title='bbox 337 1707 566 1787; x_wconf 84' lang='lat' dir='ltr'><strong>deseruerunt,</strong></span> <span class='ocrx_word' id='word_1_139' title='bbox 593 1708 808 1789; x_wconf 88' lang='lat' dir='ltr'><strong>apprehensos</strong></span> <span class='ocrx_word' id='word_1_140' title='bbox 822 1715 854 1768; x_wconf 90' lang='lat' dir='ltr'><strong>et</strong></span> <span class='ocrx_word' id='word_1_141' title='bbox 868 1709 1009 1787; x_wconf 90' lang='lat' dir='ltr'><strong>torqueri</strong></span> <span class='ocrx_word' id='word_1_142' title='bbox 1032 1717 1064 1769; x_wconf 93' lang='lat' dir='ltr'><strong>et</strong></span> <span class='ocrx_word' id='word_1_143' title='bbox 1077 1726 1199 1770; x_wconf 91' lang='lat' dir='ltr'><strong>summo</strong></span> <span class='ocrx_word' id='word_1_144' title='bbox 1214 1727 1291 1790; x_wconf 86' lang='lat' dir='ltr'><strong>sup·</strong></span> <span class='ocrx_word' id='word_1_145' title='bbox 1311 1720 1340 1765; x_wconf 78' lang='lat'><strong>⁴⁵</strong></span> 
     </span>
     <span class='ocr_line' id='line_1_17' title="bbox 174 1792 1291 1875; baseline 0.004 -23"><span class='ocrx_word' id='word_1_146' title='bbox 174 1794 193 1852; x_wconf 82' lang='lat'><strong>9</strong></span> <span class='ocrx_word' id='word_1_147' title='bbox 211 1794 304 1873; x_wconf 88' lang='lat' dir='ltr'><strong>plieio</strong></span> <span class='ocrx_word' id='word_1_148' title='bbox 316 1792 407 1857; x_wconf 87' lang='lat' dir='ltr'><strong>adfiei</strong></span> <span class='ocrx_word' id='word_1_149' title='bbox 419 1795 550 1875; x_wconf 86' lang='lat' dir='ltr'><strong>placuit.</strong></span> <span class='ocrx_word' id='word_1_150' title='bbox 575 1793 751 1856; x_wconf 87' lang='lat' dir='ltr'><strong>Habebitur</strong></span> <span class='ocrx_word' id='word_1_151' title='bbox 762 1793 802 1855; x_wconf 90' lang='lat' dir='ltr'><strong>de</strong></span> <span class='ocrx_word' id='word_1_152' title='bbox 819 1792 937 1856; x_wconf 77' lang='lat' dir='ltr'><strong>familia</strong></span> <span class='ocrx_word' id='word_1_153' title='bbox 951 1795 1094 1874; x_wconf 90' lang='lat' dir='ltr'><strong>quaestio</strong></span> <span class='ocrx_word' id='word_1_154' title='bbox 1111 1805 1142 1855; x_wconf 90' lang='lat' dir='ltr'><strong>et</strong></span> <span class='ocrx_word' id='word_1_155' title='bbox 1157 1796 1184 1856; x_wconf 93' lang='lat' dir='ltr'><strong>si</strong></span> <span class='ocrx_word' id='word_1_156' title='bbox 1198 1795 1291 1857; x_wconf 89' lang='lat' dir='ltr'><strong>heros</strong></span> 
     </span>
     <span class='ocr_line' id='line_1_18' title="bbox 210 1879 1291 1958; baseline 0.003 -19"><span class='ocrx_word' id='word_1_157' title='bbox 210 1888 394 1942; x_wconf 86' lang='lat' dir='ltr'><strong>testatorem</strong></span> <span class='ocrx_word' id='word_1_158' title='bbox 413 1879 564 1943; x_wconf 89' lang='lat' dir='ltr'><strong>oeeidisse</strong></span> <span class='ocrx_word' id='word_1_159' title='bbox 585 1880 725 1943; x_wconf 84' lang='lat' dir='ltr'><strong>dicatur:</strong></span> <span class='ocrx_word' id='word_1_160' title='bbox 749 1899 809 1941; x_wconf 90' lang='lat' dir='ltr'><strong>neo</strong></span> <span class='ocrx_word' id='word_1_161' title='bbox 831 1881 979 1958; x_wconf 87' lang='lat' dir='ltr'><strong>interest,</strong></span> <span class='ocrx_word' id='word_1_162' title='bbox 997 1888 1166 1942; x_wconf 82' lang='lat' dir='ltr'><strong>extraneus</strong></span> <span class='ocrx_word' id='word_1_163' title='bbox 1188 1900 1228 1942; x_wconf 93' lang='lat' dir='ltr'><strong>an</strong></span> <span class='ocrx_word' id='word_1_164' title='bbox 1252 1901 1291 1943; x_wconf 82' lang='lat' dir='ltr'><strong>ex</strong></span> 
     </span>
     <span class='ocr_line' id='line_1_19' title="bbox 152 1963 1290 2028; baseline 0.004 -4"><span class='ocrx_word' id='word_1_165' title='bbox 152 1965 191 2024; x_wconf 80' lang='lat' dir='ltr'><strong>to</strong></span> <span class='ocrx_word' id='word_1_166' title='bbox 211 1964 322 2027; x_wconf 88' lang='lat' dir='ltr'><strong>liberis</strong></span> <span class='ocrx_word' id='word_1_167' title='bbox 343 1966 395 2027; x_wconf 89' lang='lat' dir='ltr'><strong>sit.</strong></span> <span class='ocrx_word' id='word_1_168' title='bbox 441 1966 494 2027; x_wconf 85' lang='lat' dir='ltr'><strong>*ln</strong></span> <span class='ocrx_word' id='word_1_169' title='bbox 516 1986 637 2028; x_wconf 91' lang='lat' dir='ltr'><strong>summa</strong></span> <span class='ocrx_word' id='word_1_170' title='bbox 649 1976 754 2027; x_wconf 91' lang='lat' dir='ltr'><strong>tamen</strong></span> <span class='ocrx_word' id='word_1_171' title='bbox 770 1964 935 2027; x_wconf 82' lang='lat' dir='ltr'><strong>sciendum</strong></span> <span class='ocrx_word' id='word_1_172' title='bbox 956 1974 987 2026; x_wconf 93' lang='lat' dir='ltr'><strong>et</strong></span> <span class='ocrx_word' id='word_1_173' title='bbox 1009 1963 1049 2027; x_wconf 90' lang='lat' dir='ltr'><strong>de</strong></span> <span class='ocrx_word' id='word_1_174' title='bbox 1072 1965 1122 2027; x_wconf 89' lang='lat' dir='ltr'><strong>his</strong></span> <span class='ocrx_word' id='word_1_175' title='bbox 1144 1965 1290 2028; x_wconf 88' lang='lat' dir='ltr'><strong>omnibus</strong></span> 
     </span>
     <span class='ocr_line' id='line_1_20' title="bbox 211 2048 1290 2133; baseline 0.004 -22"><span class='ocrx_word' id='word_1_176' title='bbox 211 2048 409 2113; x_wconf 85' lang='lat' dir='ltr'><strong>*hahendam</strong></span> <span class='ocrx_word' id='word_1_177' title='bbox 431 2071 501 2113; x_wconf 91' lang='lat' dir='ltr'><strong>esse</strong></span> <span class='ocrx_word' id='word_1_178' title='bbox 517 2053 749 2132; x_wconf 90' lang='lat' dir='ltr'><strong>quaestionem,</strong></span> <span class='ocrx_word' id='word_1_179' title='bbox 769 2053 825 2130; x_wconf 91' lang='lat' dir='ltr'><strong>qui</strong></span> <span class='ocrx_word' id='word_1_180' title='bbox 847 2052 879 2111; x_wconf 92' lang='lat' dir='ltr'><strong>in</strong></span> <span class='ocrx_word' id='word_1_181' title='bbox 897 2052 1075 2130; x_wconf 78' lang='lat' dir='ltr'><strong>suspicione</strong></span> <span class='ocrx_word' id='word_1_182' title='bbox 1091 2070 1290 2133; x_wconf 81' lang='lat' dir='ltr'><strong>quacumque</strong></span> 
     </span>
     <span class='ocr_line' id='line_1_21' title="bbox 152 2133 1340 2219; baseline -0.001 -23"><span class='ocrx_word' id='word_1_183' title='bbox 152 2137 187 2196; x_wconf 77' lang='lat' dir='ltr'><strong>tt</strong></span> <span class='ocrx_word' id='word_1_184' title='bbox 211 2133 349 2199; x_wconf 82' lang='lat' dir='ltr'><strong>*ratione</strong></span> <span class='ocrx_word' id='word_1_185' title='bbox 369 2138 515 2199; x_wconf 88' lang='lat' dir='ltr'><strong>ueniunt.</strong></span> <span class='ocrx_word' id='word_1_186' title='bbox 572 2138 607 2198; x_wconf 90' lang='lat' dir='ltr'><strong>In</strong></span> <span class='ocrx_word' id='word_1_187' title='bbox 629 2135 828 2217; x_wconf 89' lang='lat' dir='ltr'><strong>disponenda</strong></span> <span class='ocrx_word' id='word_1_188' title='bbox 856 2155 964 2197; x_wconf 88' lang='lat' dir='ltr'><strong>eorum</strong></span> <span class='ocrx_word' id='word_1_189' title='bbox 984 2138 1186 2216; x_wconf 86' lang='lat' dir='ltr'><strong>quaestione,</strong></span> <span class='ocrx_word' id='word_1_190' title='bbox 1211 2157 1292 2219; x_wconf 92' lang='lat' dir='ltr'><strong>quo-</strong></span> <span class='ocrx_word' id='word_1_191' title='bbox 1308 2151 1340 2197; x_wconf 78' lang='lat' dir='ltr'><strong>to</strong></span> 
     </span>
     <span class='ocr_line' id='line_1_22' title="bbox 210 2220 1293 2305; baseline 0.001 -21"><span class='ocrx_word' id='word_1_192' title='bbox 210 2220 300 2284; x_wconf 80' lang='lat' dir='ltr'><strong>*rum</strong></span> <span class='ocrx_word' id='word_1_193' title='bbox 316 2223 463 2286; x_wconf 87' lang='lat' dir='ltr'><strong>dominus</strong></span> <span class='ocrx_word' id='word_1_194' title='bbox 483 2222 600 2285; x_wconf 90' lang='lat' dir='ltr'><strong>dieitur</strong></span> <span class='ocrx_word' id='word_1_195' title='bbox 614 2225 841 2303; x_wconf 88' lang='lat' dir='ltr'><strong>interemptus,</strong></span> <span class='ocrx_word' id='word_1_196' title='bbox 867 2222 918 2283; x_wconf 82' lang='lat' dir='ltr'><strong>hie</strong></span> <span class='ocrx_word' id='word_1_197' title='bbox 938 2221 1014 2284; x_wconf 91' lang='lat' dir='ltr'><strong>ordo</strong></span> <span class='ocrx_word' id='word_1_198' title='bbox 1034 2232 1198 2295; x_wconf 84' lang='lat' dir='ltr'><strong>seruatur,</strong></span> <span class='ocrx_word' id='word_1_199' title='bbox 1225 2226 1293 2305; x_wconf 95' lang='lat' dir='ltr'><strong>pri-</strong></span> 
     </span>
     <span class='ocr_line' id='line_1_23' title="bbox 210 2307 1291 2388; baseline 0.002 -18"><span class='ocrx_word' id='word_1_200' title='bbox 210 2308 316 2371; x_wconf 81' lang='lat' dir='ltr'><strong>*mum</strong></span> <span class='ocrx_word' id='word_1_201' title='bbox 330 2318 366 2371; x_wconf 90' lang='lat' dir='ltr'><strong>ut</strong></span> <span class='ocrx_word' id='word_1_202' title='bbox 382 2318 503 2371; x_wconf 85' lang='lat' dir='ltr'><strong>constet</strong></span> <span class='ocrx_word' id='word_1_203' title='bbox 518 2311 654 2371; x_wconf 85' lang='lat' dir='ltr'><strong>oooisum</strong></span> <span class='ocrx_word' id='word_1_204' title='bbox 670 2307 843 2386; x_wconf 90' lang='lat' dir='ltr'><strong>dominum,</strong></span> <span class='ocrx_word' id='word_1_205' title='bbox 862 2307 989 2387; x_wconf 91' lang='lat' dir='ltr'><strong>deinde,</strong></span> <span class='ocrx_word' id='word_1_206' title='bbox 1008 2309 1035 2369; x_wconf 94' lang='lat' dir='ltr'><strong>si</strong></span> <span class='ocrx_word' id='word_1_207' title='bbox 1050 2308 1082 2369; x_wconf 81' lang='lat' dir='ltr'><strong>id</strong></span> <span class='ocrx_word' id='word_1_208' title='bbox 1095 2308 1230 2388; x_wconf 86' lang='lat' dir='ltr'><strong>liqueat,</strong></span> <span class='ocrx_word' id='word_1_209' title='bbox 1250 2308 1291 2372; x_wconf 90' lang='lat' dir='ltr'><strong>de</strong></span> 
     </span>
     <span class='ocr_line' id='line_1_24' title="bbox 211 2393 1291 2476; baseline -0.002 -19"><span class='ocrx_word' id='word_1_210' title='bbox 211 2394 347 2476; x_wconf 83' lang='lat' dir='ltr'><strong>*quihus</strong></span> <span class='ocrx_word' id='word_1_211' title='bbox 369 2414 407 2458; x_wconf 91' lang='lat' dir='ltr'><strong>ea</strong></span> <span class='ocrx_word' id='word_1_212' title='bbox 428 2397 573 2476; x_wconf 90' lang='lat' dir='ltr'><strong>quaestio</strong></span> <span class='ocrx_word' id='word_1_213' title='bbox 595 2394 820 2473; x_wconf 70' lang='lat' dir='ltr'><strong>habendasit,</strong></span> <span class='ocrx_word' id='word_1_214' title='bbox 850 2403 945 2474; x_wconf 90' lang='lat' dir='ltr'><strong>atque</strong></span> <span class='ocrx_word' id='word_1_215' title='bbox 966 2395 1010 2457; x_wconf 90' lang='lat' dir='ltr'><strong>ita</strong></span> <span class='ocrx_word' id='word_1_216' title='bbox 1032 2393 1073 2456; x_wconf 90' lang='lat' dir='ltr'><strong>de</strong></span> <span class='ocrx_word' id='word_1_217' title='bbox 1095 2397 1158 2456; x_wconf 89' lang='lat' dir='ltr'><strong>reis</strong></span> <span class='ocrx_word' id='word_1_218' title='bbox 1185 2396 1291 2475; x_wconf 91' lang='lat' dir='ltr'><strong>inqui-</strong></span> 
     </span>
     <span class='ocr_line' id='line_1_25' title="bbox 153 2479 1291 2563; baseline 0 -21"><span class='ocrx_word' id='word_1_219' title='bbox 153 2483 192 2542; x_wconf 76' lang='lat' dir='ltr'><strong>ta</strong></span> <span class='ocrx_word' id='word_1_220' title='bbox 212 2481 349 2543; x_wconf 78' lang='lat' dir='ltr'><strong>*rondis</strong></span> <span class='ocrx_word' id='word_1_221' title='bbox 397 2482 462 2543; x_wconf 89' lang='lat' dir='ltr'><strong>Etsi</strong></span> <span class='ocrx_word' id='word_1_222' title='bbox 478 2500 649 2563; x_wconf 82' lang='lat' dir='ltr'><strong>percussor</strong></span> <span class='ocrx_word' id='word_1_223' title='bbox 664 2492 768 2543; x_wconf 84' lang='lat' dir='ltr'><strong>certus</strong></span> <span class='ocrx_word' id='word_1_224' title='bbox 783 2483 837 2559; x_wconf 90' lang='lat' dir='ltr'><strong>sit,</strong></span> <span class='ocrx_word' id='word_1_225' title='bbox 856 2489 961 2543; x_wconf 90' lang='lat' dir='ltr'><strong>tamen</strong></span> <span class='ocrx_word' id='word_1_226' title='bbox 976 2479 1016 2541; x_wconf 91' lang='lat' dir='ltr'><strong>de</strong></span> <span class='ocrx_word' id='word_1_227' title='bbox 1037 2480 1153 2543; x_wconf 83' lang='lat' dir='ltr'><strong>familia</strong></span> <span class='ocrx_word' id='word_1_228' title='bbox 1169 2480 1291 2542; x_wconf 90' lang='lat' dir='ltr'><strong>haben-</strong></span> 
     </span>
     <span class='ocr_line' id='line_1_26' title="bbox 211 2565 1340 2648; baseline -0.002 -21"><span class='ocrx_word' id='word_1_229' title='bbox 211 2568 270 2631; x_wconf 79' lang='lat' dir='ltr'><strong>*da</strong></span> <span class='ocrx_word' id='word_1_230' title='bbox 286 2569 427 2648; x_wconf 90' lang='lat' dir='ltr'><strong>quaestio</strong></span> <span class='ocrx_word' id='word_1_231' title='bbox 442 2577 507 2645; x_wconf 91' lang='lat' dir='ltr'><strong>est,</strong></span> <span class='ocrx_word' id='word_1_232' title='bbox 534 2578 568 2629; x_wconf 92' lang='lat' dir='ltr'><strong>ut</strong></span> <span class='ocrx_word' id='word_1_233' title='bbox 584 2566 689 2629; x_wconf 88' lang='lat' dir='ltr'><strong>oaedis</strong></span> <span class='ocrx_word' id='word_1_234' title='bbox 704 2566 867 2628; x_wconf 89' lang='lat' dir='ltr'><strong>mandator</strong></span> <span class='ocrx_word' id='word_1_235' title='bbox 882 2568 1024 2629; x_wconf 89' lang='lat' dir='ltr'><strong>inueniri</strong></span> <span class='ocrx_word' id='word_1_236' title='bbox 1038 2565 1170 2646; x_wconf 81' lang='lat' dir='ltr'><strong>possit*</strong></span> <span class='ocrx_word' id='word_1_237' title='bbox 1305 2580 1340 2625; x_wconf 80' lang='lat' dir='ltr'><strong>aa</strong></span> 
     </span>
    </p>
   </div>
   <div class='ocr_carea' id='block_1_3' title="bbox 137 2755 1398 3185">
    <p class='ocr_par' dir='ltr' id='par_1_3' title="bbox 137 2755 1398 3185">
     <span class='ocr_line' id='line_1_27' title="bbox 137 2755 1287 2837; baseline 0.001 -21"><span class='ocrx_word' id='word_1_238' title='bbox 137 2758 192 2817; x_wconf 68' lang='lat' dir='ltr'><strong>tm</strong></span> <span class='ocrx_word' id='word_1_239' title='bbox 296 2756 482 2819; x_wconf 79' lang='lat' dir='ltr'><strong>*Hereditas</strong></span> <span class='ocrx_word' id='word_1_240' title='bbox 497 2777 515 2819; x_wconf 95' lang='lat' dir='ltr'><strong>a</strong></span> <span class='ocrx_word' id='word_1_241' title='bbox 531 2756 604 2817; x_wconf 86' lang='lat' dir='ltr'><strong>fiseo</strong></span> <span class='ocrx_word' id='word_1_242' title='bbox 619 2765 655 2817; x_wconf 94' lang='lat' dir='ltr'><strong>ut</strong></span> <span class='ocrx_word' id='word_1_243' title='bbox 670 2755 811 2836; x_wconf 78' lang='lat' dir='ltr'><strong>indignis</strong></span> <span class='ocrx_word' id='word_1_244' title='bbox 826 2755 969 2818; x_wconf 83' lang='lat' dir='ltr'><strong>aufertur</strong></span> <span class='ocrx_word' id='word_1_245' title='bbox 982 2756 1031 2816; x_wconf 90' lang='lat' dir='ltr'><strong>his</strong></span> <span class='ocrx_word' id='word_1_246' title='bbox 1046 2758 1202 2836; x_wconf 92' lang='lat' dir='ltr'><strong>primum,</strong></span> <span class='ocrx_word' id='word_1_247' title='bbox 1221 2759 1287 2837; x_wconf 91' lang='lat' dir='ltr'><strong>qui,</strong></span> 
     </span>
     <span class='ocr_line' id='line_1_28' title="bbox 210 2841 1288 2923; baseline -0.002 -19"><span class='ocrx_word' id='word_1_248' title='bbox 210 2843 299 2905; x_wconf 83' lang='lat' dir='ltr'><strong>*eum</strong></span> <span class='ocrx_word' id='word_1_249' title='bbox 318 2845 476 2923; x_wconf 80' lang='lat' dir='ltr'><strong>†susoepta</strong></span> <span class='ocrx_word' id='word_1_250' title='bbox 494 2861 528 2904; x_wconf 93' lang='lat' dir='ltr'><strong>re</strong></span> <span class='ocrx_word' id='word_1_251' title='bbox 544 2851 628 2904; x_wconf 90' lang='lat' dir='ltr'><strong>esset</strong></span> <span class='ocrx_word' id='word_1_252' title='bbox 643 2844 816 2920; x_wconf 87' lang='lat' dir='ltr'><strong>testatoris,</strong></span> <span class='ocrx_word' id='word_1_253' title='bbox 842 2842 958 2922; x_wconf 90' lang='lat' dir='ltr'><strong>apertis</strong></span> <span class='ocrx_word' id='word_1_254' title='bbox 979 2841 1096 2904; x_wconf 92' lang='lat' dir='ltr'><strong>tabulis</strong></span> <span class='ocrx_word' id='word_1_255' title='bbox 1110 2844 1288 2905; x_wconf 89' lang='lat' dir='ltr'><strong>testamenti</strong></span> 
     </span>
     <span class='ocr_line' id='line_1_29' title="bbox 209 2927 1288 3008; baseline -0.001 -16"><span class='ocrx_word' id='word_1_256' title='bbox 209 2927 1288 3008; x_wconf 79' lang='lat' dir='ltr'><strong>*uelabintestatoadieruathereditatemhonorumuepossessionem</strong></span> 
     </span>
     <span class='ocr_line' id='line_1_30' title="bbox 208 3014 1290 3098; baseline -0.001 -19"><span class='ocrx_word' id='word_1_257' title='bbox 208 3016 429 3098; x_wconf 78' lang='lat' dir='ltr'><strong>*aeceperuatz</strong></span> <span class='ocrx_word' id='word_1_258' title='bbox 451 3017 587 3097; x_wconf 83' lang='lat' dir='ltr'><strong>amplius</strong></span> <span class='ocrx_word' id='word_1_259' title='bbox 603 3015 652 3076; x_wconf 91' lang='lat' dir='ltr'><strong>his</strong></span> <span class='ocrx_word' id='word_1_260' title='bbox 667 3024 698 3076; x_wconf 90' lang='lat' dir='ltr'><strong>et</strong></span> <span class='ocrx_word' id='word_1_261' title='bbox 714 3025 839 3077; x_wconf 87' lang='lat' dir='ltr'><strong>eentum</strong></span> <span class='ocrx_word' id='word_1_262' title='bbox 855 3014 942 3076; x_wconf 92' lang='lat' dir='ltr'><strong>milia</strong></span> <span class='ocrx_word' id='word_1_263' title='bbox 956 3018 1173 3077; x_wconf 88' lang='lat' dir='ltr'><strong>sestertiorum</strong></span> <span class='ocrx_word' id='word_1_264' title='bbox 1188 3034 1290 3096; x_wconf 89' lang='lat' dir='ltr'><strong>poena</strong></span> 
     </span>
     <span class='ocr_line' id='line_1_31' title="bbox 208 3100 1398 3185; baseline -0.006 -21"><span class='ocrx_word' id='word_1_265' title='bbox 208 3103 400 3185; x_wconf 77' lang='lat' dir='ltr'><strong>*inrogatur</strong></span> <span class='ocrx_word' id='word_1_266' title='bbox 433 3122 491 3164; x_wconf 89' lang='lat' dir='ltr'><strong>neo</strong></span> <span class='ocrx_word' id='word_1_267' title='bbox 507 3102 622 3178; x_wconf 76' lang='lat' dir='ltr'><strong>refert,</strong></span> <span class='ocrx_word' id='word_1_268' title='bbox 649 3101 798 3180; x_wconf 90' lang='lat' dir='ltr'><strong>aquibus</strong></span> <span class='ocrx_word' id='word_1_269' title='bbox 813 3112 904 3182; x_wconf 91' lang='lat' dir='ltr'><strong>pater</strong></span> <span class='ocrx_word' id='word_1_270' title='bbox 919 3101 1054 3163; x_wconf 79' lang='lat' dir='ltr'><strong>familias</strong></span> <span class='ocrx_word' id='word_1_271' title='bbox 1069 3101 1120 3163; x_wconf 91' lang='lat' dir='ltr'><strong>uel</strong></span> <span class='ocrx_word' id='word_1_272' title='bbox 1135 3100 1289 3182; x_wconf 89' lang='lat' dir='ltr'><strong>quemad·</strong></span> <span class='ocrx_word' id='word_1_273' title='bbox 1309 3113 1340 3158; x_wconf 87' lang='lat' dir='ltr'><strong>ao</strong></span> <span class='ocrx_word' id='word_1_274' title='bbox 1396 3142 1398 3145; x_wconf 84' lang='lat'>-</span> 
     </span>
    </p>
   </div>
   <div class='ocr_carea' id='block_1_4' title="bbox 152 3185 1291 3270">
    <p class='ocr_par' dir='ltr' id='par_1_4' title="bbox 152 3185 1291 3270">
     <span class='ocr_line' id='line_1_32' title="bbox 152 3185 1291 3270; baseline 0.003 -22"><span class='ocrx_word' id='word_1_275' title='bbox 152 3189 189 3248; x_wconf 82' lang='lat' dir='ltr'><strong>ta</strong></span> <span class='ocrx_word' id='word_1_276' title='bbox 208 3188 355 3251; x_wconf 79' lang='lat' dir='ltr'><strong>*modum</strong></span> <span class='ocrx_word' id='word_1_277' title='bbox 370 3188 495 3251; x_wconf 82' lang='lat' dir='ltr'><strong>dicatur</strong></span> <span class='ocrx_word' id='word_1_278' title='bbox 508 3189 624 3250; x_wconf 78' lang='lat' dir='ltr'><strong>occisus</strong></span> <span class='ocrx_word' id='word_1_279' title='bbox 640 3187 737 3250; x_wconf 76' lang='lat' dir='ltr'><strong>esse*</strong></span> <span class='ocrx_word' id='word_1_280' title='bbox 768 3185 933 3270; x_wconf 75' lang='lat' dir='ltr'><strong>OmnibuS,</strong></span> <span class='ocrx_word' id='word_1_281' title='bbox 952 3188 1008 3268; x_wconf 91' lang='lat' dir='ltr'><strong>qui</strong></span> <span class='ocrx_word' id='word_1_282' title='bbox 1023 3196 1129 3250; x_wconf 88' lang='lat' dir='ltr'><strong>eontra</strong></span> <span class='ocrx_word' id='word_1_283' title='bbox 1144 3188 1291 3251; x_wconf 89' lang='lat' dir='ltr'><strong>uolunta-</strong></span> 
     </span>
    </p>
   </div>
   <div class='ocr_carea' id='block_1_5' title="bbox 1243 3357 1281 3370">
    <p class='ocr_par' dir='ltr' id='par_1_5' title="bbox 1243 3357 1281 3370">
     <span class='ocr_line' id='line_1_33' title="bbox 1243 3357 1281 3370; baseline 0 0"><span class='ocrx_word' id='word_1_284' title='bbox 1243 3357 1281 3370; x_wconf 57' lang='grc' dir='ltr'><strong>ΧΛΛ</strong></span> 
     </span>
    </p>
   </div>
   <div class='ocr_carea' id='block_1_6' title="bbox 210 3461 1290 3594">
    <p class='ocr_par' dir='ltr' id='par_1_6' title="bbox 210 3461 1290 3594">
     <span class='ocr_line' id='line_1_34' title="bbox 279 3461 1290 3525; baseline 0 -14"><span class='ocrx_word' id='word_1_285' title='bbox 279 3462 629 3524; x_wconf 73' lang='lat' dir='ltr'><strong>s‚to=Appenutxs‚ie</strong></span> <span class='ocrx_word' id='word_1_286' title='bbox 664 3461 675 3523; x_wconf 92' lang='grc' dir='ltr'><strong>ιι</strong></span> <span class='ocrx_word' id='word_1_287' title='bbox 712 3461 1117 3524; x_wconf 73' lang='lat' dir='ltr'><strong>a,it.is=Appenusos,ir</strong></span> <span class='ocrx_word' id='word_1_288' title='bbox 1154 3463 1164 3525; x_wconf 92' lang='grc' dir='ltr'><strong>ιι</strong></span> <span class='ocrx_word' id='word_1_289' title='bbox 1204 3465 1290 3520; x_wconf 55' lang='grc' dir='ltr'><strong>ων</strong></span> 
     </span>
     <span class='ocr_line' id='line_1_35' title="bbox 210 3533 473 3594; baseline 0.011 -18"><span class='ocrx_word' id='word_1_290' title='bbox 210 3533 473 3594; x_wconf 75' lang='lat' dir='ltr'><strong>=Appeoutos‚ia</strong></span> 
     </span>
    </p>
   </div>
   <div class='ocr_carea' id='block_1_7' title="bbox 208 3682 1280 3700">
    <p class='ocr_par' dir='ltr' id='par_1_7' title="bbox 208 3682 1280 3700">
     <span class='ocr_line' id='line_1_36' title="bbox 208 3682 1280 3700; baseline -0.002 -3"><span class='ocrx_word' id='word_1_291' title='bbox 208 3688 239 3700; x_wconf 53' lang='lat' dir='ltr'><strong>ovs,</strong></span> <span class='ocrx_word' id='word_1_292' title='bbox 245 3685 300 3698; x_wconf 67' lang='grc' dir='ltr'><strong>ιννν</strong></span> <span class='ocrx_word' id='word_1_293' title='bbox 671 3682 1074 3697; x_wconf 52' lang='lat' dir='ltr'><strong>wuoetmmtxmaetvwmvvmw</strong></span> <span class='ocrx_word' id='word_1_294' title='bbox 1079 3683 1230 3696; x_wconf 60' lang='grc' dir='ltr'><strong>ΛΛΜΛΛΛΛΙα</strong></span> <span class='ocrx_word' id='word_1_295' title='bbox 1237 3685 1246 3695; x_wconf 80' lang='lat'><em>1</em></span> <span class='ocrx_word' id='word_1_296' title='bbox 1252 3685 1262 3695; x_wconf 75' lang='lat' dir='ltr'><em>t</em></span> <span class='ocrx_word' id='word_1_297' title='bbox 1270 3685 1280 3696; x_wconf 64' lang='lat' dir='ltr'><em>a</em></span> 
     </span>
    </p>
   </div>
   <div class='ocr_carea' id='block_1_8' title="bbox 208 3786 1290 4199">
    <p class='ocr_par' dir='ltr' id='par_1_8' title="bbox 208 3786 1290 4199">
     <span class='ocr_line' id='line_1_37' title="bbox 278 3786 1290 3854; baseline -0.003 -17"><span class='ocrx_word' id='word_1_298' title='bbox 278 3794 291 3837; x_wconf 82' lang='lat'><strong>7</strong></span> <span class='ocrx_word' id='word_1_299' title='bbox 304 3790 389 3854; x_wconf 86' lang='lat' dir='ltr'><strong>idque</strong></span> <span class='ocrx_word' id='word_1_300' title='bbox 404 3790 495 3852; x_wconf 78' lang='lat' dir='ltr'><strong>(atque</strong></span> <span class='ocrx_word' id='word_1_301' title='bbox 508 3787 542 3852; x_wconf 77' lang='lat' dir='ltr'><strong>M)</strong></span> <span class='ocrx_word' id='word_1_302' title='bbox 559 3789 632 3837; x_wconf 84' lang='lat' dir='ltr'><strong>iuxta</strong></span> <span class='ocrx_word' id='word_1_303' title='bbox 644 3789 737 3837; x_wconf 86' lang='lat' dir='ltr'><strong>uxoris</strong></span> <span class='ocrx_word' id='word_1_304' title='bbox 749 3786 850 3838; x_wconf 80' lang='lat' dir='ltr'><strong>familia</strong></span> <span class='ocrx_word' id='word_1_305' title='bbox 866 3786 959 3848; x_wconf 80' lang='lat' dir='ltr'><strong>(famili</strong></span> <span class='ocrx_word' id='word_1_306' title='bbox 972 3789 1021 3845; x_wconf 56' lang='grc' dir='ltr'><strong>Μ’)</strong></span> <span class='ocrx_word' id='word_1_307' title='bbox 1035 3786 1132 3837; x_wconf 69' lang='lat' dir='ltr'><strong>codices</strong></span> <span class='ocrx_word' id='word_1_308' title='bbox 1153 3786 1167 3849; x_wconf 92' lang='grc' dir='ltr'><strong>ι</strong></span> <span class='ocrx_word' id='word_1_309' title='bbox 1192 3791 1217 3835; x_wconf 85' lang='lat' dir='ltr'><strong>tt</strong></span> <span class='ocrx_word' id='word_1_310' title='bbox 1236 3788 1290 3837; x_wconf 91' lang='lat' dir='ltr'><strong>sint</strong></span> 
     </span>
     <span class='ocr_line' id='line_1_38' title="bbox 210 3855 1287 3921; baseline -0.006 -11"><span class='ocrx_word' id='word_1_311' title='bbox 210 3859 247 3919; x_wconf 76' lang='lat' dir='ltr'><strong>hi,</strong></span> <span class='ocrx_word' id='word_1_312' title='bbox 264 3859 423 3910; x_wconf 78' lang='lat' dir='ltr'><strong>dieanturh</strong></span> <span class='ocrx_word' id='word_1_313' title='bbox 452 3856 463 3921; x_wconf 95' lang='grc' dir='ltr'><strong>ιι</strong></span> <span class='ocrx_word' id='word_1_314' title='bbox 494 3862 524 3906; x_wconf 80' lang='lat' dir='ltr'><strong>ta</strong></span> <span class='ocrx_word' id='word_1_315' title='bbox 544 3858 648 3921; x_wconf 88' lang='lat' dir='ltr'><strong>possint</strong></span> <span class='ocrx_word' id='word_1_316' title='bbox 661 3857 708 3907; x_wconf 81' lang='lat' dir='ltr'><strong>ML</strong></span> <span class='ocrx_word' id='word_1_317' title='bbox 738 3857 749 3919; x_wconf 94' lang='grc' dir='ltr'><strong>ιι</strong></span> <span class='ocrx_word' id='word_1_318' title='bbox 780 3859 810 3905; x_wconf 80' lang='lat' dir='ltr'><strong>ta</strong></span> <span class='ocrx_word' id='word_1_319' title='bbox 830 3858 1012 3907; x_wconf 75' lang='lat' dir='ltr'><strong>seruioodtces</strong></span> <span class='ocrx_word' id='word_1_320' title='bbox 1040 3856 1051 3917; x_wconf 93' lang='grc' dir='ltr'><strong>ιι</strong></span> <span class='ocrx_word' id='word_1_321' title='bbox 1082 3858 1113 3903; x_wconf 78' lang='grc'><strong>49</strong></span> <span class='ocrx_word' id='word_1_322' title='bbox 1132 3855 1287 3906; x_wconf 89' lang='lat' dir='ltr'><strong>habendum</strong></span> 
     </span>
     <span class='ocr_line' id='line_1_39' title="bbox 208 3923 1289 3990; baseline -0.004 -13"><span class='ocrx_word' id='word_1_323' title='bbox 208 3930 307 3979; x_wconf 74' lang='lat' dir='ltr'><strong>codices</strong></span> <span class='ocrx_word' id='word_1_324' title='bbox 338 3928 349 3990; x_wconf 88' lang='grc' dir='ltr'><strong>ιι</strong></span> <span class='ocrx_word' id='word_1_325' title='bbox 384 3932 413 3977; x_wconf 78' lang='lat' dir='ltr'><strong>st</strong></span> <span class='ocrx_word' id='word_1_326' title='bbox 435 3927 504 3978; x_wconf 87' lang='lat' dir='ltr'><strong>haee</strong></span> <span class='ocrx_word' id='word_1_327' title='bbox 516 3927 614 3975; x_wconf 78' lang='lat' dir='ltr'><strong>codices</strong></span> <span class='ocrx_word' id='word_1_328' title='bbox 648 3925 659 3987; x_wconf 94' lang='grc' dir='ltr'><strong>ιι</strong></span> <span class='ocrx_word' id='word_1_329' title='bbox 694 3929 726 3974; x_wconf 73' lang='lat' dir='ltr'><strong>tt</strong></span> <span class='ocrx_word' id='word_1_330' title='bbox 740 3925 840 3976; x_wconf 88' lang='lat' dir='ltr'><strong>deinde</strong></span> <span class='ocrx_word' id='word_1_331' title='bbox 855 3926 964 3984; x_wconf 86' lang='lat' dir='ltr'><strong>(deinde</strong></span> <span class='ocrx_word' id='word_1_332' title='bbox 978 3924 1008 3986; x_wconf 82' lang='grc' dir='ltr'><strong>Ε,</strong></span> <span class='ocrx_word' id='word_1_333' title='bbox 1023 3937 1072 3974; x_wconf 82' lang='lat' dir='ltr'><strong>om,</strong></span> <span class='ocrx_word' id='word_1_334' title='bbox 1086 3925 1185 3986; x_wconf 76' lang='lat' dir='ltr'><strong>reliquit</strong></span> <span class='ocrx_word' id='word_1_335' title='bbox 1202 3923 1289 3974; x_wconf 71' lang='lat' dir='ltr'><strong>srah-</strong></span> 
     </span>
     <span class='ocr_line' id='line_1_40' title="bbox 208 3992 1286 4059; baseline -0.004 -12"><span class='ocrx_word' id='word_1_336' title='bbox 208 4010 261 4059; x_wconf 88' lang='lat' dir='ltr'><strong>qua</strong></span> <span class='ocrx_word' id='word_1_337' title='bbox 275 3999 427 4047; x_wconf 79' lang='lat' dir='ltr'><strong>eatoodioes</strong></span> <span class='ocrx_word' id='word_1_338' title='bbox 461 3994 472 4058; x_wconf 94' lang='grc' dir='ltr'><strong>ιι</strong></span> <span class='ocrx_word' id='word_1_339' title='bbox 507 3995 767 4045; x_wconf 69' lang='lat' dir='ltr'><strong>mesammones</strong></span> <span class='ocrx_word' id='word_1_340' title='bbox 801 3996 812 4057; x_wconf 92' lang='grc' dir='ltr'><strong>ιι</strong></span> <span class='ocrx_word' id='word_1_341' title='bbox 849 3998 879 4042; x_wconf 75' lang='lat' dir='ltr'><strong>st</strong></span> <span class='ocrx_word' id='word_1_342' title='bbox 899 3995 1066 4057; x_wconf 77' lang='lat' dir='ltr'><strong>susceptare</strong></span> <span class='ocrx_word' id='word_1_343' title='bbox 1081 3992 1164 4054; x_wconf 71' lang='lat' dir='ltr'><strong>(seii)</strong></span> <span class='ocrx_word' id='word_1_344' title='bbox 1178 3995 1286 4054; x_wconf 77' lang='lat' dir='ltr'><strong>ceticae,</strong></span> 
     </span>
     <span class='ocr_line' id='line_1_41' title="bbox 209 4061 1286 4130; baseline -0.002 -16"><span class='ocrx_word' id='word_1_345' title='bbox 209 4069 332 4130; x_wconf 84' lang='lat' dir='ltr'><strong>suspecta</strong></span> <span class='ocrx_word' id='word_1_346' title='bbox 351 4079 403 4115; x_wconf 86' lang='lat' dir='ltr'><strong>nex</strong></span> <span class='ocrx_word' id='word_1_347' title='bbox 422 4064 539 4115; x_wconf 77' lang='lat' dir='ltr'><strong>Huschke</strong></span> <span class='ocrx_word' id='word_1_348' title='bbox 584 4063 595 4126; x_wconf 95' lang='grc' dir='ltr'><strong>Ιι</strong></span> <span class='ocrx_word' id='word_1_349' title='bbox 641 4067 673 4114; x_wconf 77' lang='lat'><strong>28</strong></span> <span class='ocrx_word' id='word_1_350' title='bbox 692 4063 843 4114; x_wconf 89' lang='lat' dir='ltr'><strong>adierunt.</strong></span> <span class='ocrx_word' id='word_1_351' title='bbox 866 4101 872 4113; x_wconf 93' lang='lat'><em>.</em></span> <span class='ocrx_word' id='word_1_352' title='bbox 895 4101 900 4112; x_wconf 94' lang='lat'>.</span> <span class='ocrx_word' id='word_1_353' title='bbox 921 4065 954 4111; x_wconf 72' lang='lat' dir='ltr'><strong>ht</strong></span> <span class='ocrx_word' id='word_1_354' title='bbox 972 4064 1138 4125; x_wconf 86' lang='lat' dir='ltr'><strong>aeceperunt</strong></span> <span class='ocrx_word' id='word_1_355' title='bbox 1156 4061 1286 4122; x_wconf 79' lang='lat' dir='ltr'><strong>Gutsctus,</strong></span> 
     </span>
     <span class='ocr_line' id='line_1_42' title="bbox 209 4132 1042 4199; baseline -0.002 -17"><span class='ocrx_word' id='word_1_356' title='bbox 209 4134 295 4185; x_wconf 87' lang='lat' dir='ltr'><strong>adiit.</strong></span> <span class='ocrx_word' id='word_1_357' title='bbox 311 4173 317 4184; x_wconf 88' lang='lat'><strong>.</strong></span> <span class='ocrx_word' id='word_1_358' title='bbox 333 4173 339 4185; x_wconf 87' lang='lat'>.</span> <span class='ocrx_word' id='word_1_359' title='bbox 354 4135 460 4199; x_wconf 85' lang='lat' dir='ltr'><strong>aceepit</strong></span> <span class='ocrx_word' id='word_1_360' title='bbox 470 4136 568 4184; x_wconf 74' lang='lat' dir='ltr'><strong>cortices</strong></span> <span class='ocrx_word' id='word_1_361' title='bbox 597 4135 608 4196; x_wconf 94' lang='grc' dir='ltr'><strong>ιι</strong></span> <span class='ocrx_word' id='word_1_362' title='bbox 638 4138 665 4182; x_wconf 84' lang='lat' dir='ltr'><strong>at</strong></span> <span class='ocrx_word' id='word_1_363' title='bbox 689 4134 798 4183; x_wconf 87' lang='lat' dir='ltr'><strong>oocisus</strong></span> <span class='ocrx_word' id='word_1_364' title='bbox 810 4145 870 4183; x_wconf 88' lang='lat' dir='ltr'><strong>esse</strong></span> <span class='ocrx_word' id='word_1_365' title='bbox 881 4144 931 4180; x_wconf 89' lang='lat' dir='ltr'><strong>om.</strong></span> <span class='ocrx_word' id='word_1_366' title='bbox 944 4132 1042 4181; x_wconf 75' lang='lat' dir='ltr'><strong>codices</strong></span> 
     </span>
    </p>
   </div>
   <div class='ocr_carea' id='block_1_9' title="bbox 0 0 1510 4738">
    <p class='ocr_par' dir='ltr' id='par_1_9' title="bbox 0 0 1510 4738">
     <span class='ocr_line' id='line_1_43' title="bbox 0 0 1510 4738; baseline 0 0"><span class='ocrx_word' id='word_1_367' title='bbox 0 0 1510 4738; x_wconf 95' lang='lat' dir='ltr'><strong> </strong></span> 
     </span>
    </p>
   </div>
  </div>
 </body>
</html>
