3006 4736
605 358 691 371 ...-
736 327 755 386 7
799 359 884 371 ..-
1199 327 1285 392 vtpt

143 511 181 570 to
287 514 348 587 Qui
371 521 494 575 tantum
517 514 550 573 in
573 511 676 590 bonis,
702 532 765 574 non
780 514 873 575 etiam
890 533 930 576 ex
945 515 1014 577 iure
1029 515 1204 588 Quiritium
1218 534 1289 578 ser·

200 620 278 664 uum
301 600 407 677 hahet,
433 598 683 661 manumittendo
699 601 845 661 Latinum
867 599 950 661 iacit.
990 602 1024 661 in
1046 600 1138 664 honis
1161 610 1286 665 tantum

201 688 337 750 alicuius
364 704 478 748 seruus
508 695 557 747 est
583 685 673 748 uelut
703 686 762 747 hcc
789 684 900 761 modo,
933 686 960 746 si
987 687 1066 748 ciuis
1088 689 1285 751 Romanusa

202 775 272 835 ciue
295 773 431 834 Romano
453 790 583 834 seruum
610 772 739 849 emerit,
773 773 861 851 isque
889 770 1025 833 traditus
1052 774 1082 833 ei
1110 774 1151 835 sit
1181 792 1285 854 neque

202 870 308 922 tamon
337 858 533 938 mancipatus
564 859 593 919 ei
620 876 726 938 neque
750 858 782 918 in
806 859 876 919 iure
898 875 1006 919 cesam
1027 876 1133 938 neque
1156 859 1197 921 ah
1218 863 1319 942 ipsos

202 964 284 1008 anno
306 962 470 1024 possessus
492 946 561 1005 sit!
577 962 650 1005 nam
673 943 826 1024 quamdiu
848 944 959 1005 horum
982 942 1061 1023 quid
1084 944 1147 1023 hat,
1173 947 1201 1007 is
1216 965 1286 1009 ser·

202 1050 263 1094 uus
285 1032 318 1091 in
341 1030 433 1092 honis
455 1028 586 1110 quidem
608 1031 760 1110 emptoris
783 1039 848 1108 est,
875 1047 920 1091 ecc
942 1029 1011 1091 iure
1034 1030 1205 1103 Quiritium
1228 1051 1285 1094 au-

144 1112 184 1172 17
201 1127 265 1179 tem
287 1115 464 1178 uenditoris
487 1125 545 1178 est.
591 1116 720 1194 Mulier,
753 1134 835 1196 quae
859 1117 891 1176 in
914 1115 1012 1177 tutela
1035 1125 1099 1193 est,
1127 1117 1202 1177 item
1224 1138 1286 1197 pu-

144 1199 185 1258 ta
202 1204 297 1284 pilius
328 1212 360 1264 et
392 1202 510 1283 pupilla
546 1203 768 1264 manumittere
802 1221 865 1265 non
891 1211 1035 1282 possunt.
1084 1201 1286 1265 Communem

202 1309 332 1352 seruum
355 1307 438 1350 unus
462 1308 503 1349 ex
524 1286 660 1349 dominis
682 1287 931 1350 manumittendo
950 1297 1072 1367 partem
1089 1307 1177 1349 suam
1193 1289 1288 1350 cmit-
1306 1297 1337 1343 tt

202 1377 252 1454 tit,
278 1394 380 1454 caque
402 1374 558 1436 adcrescit
580 1375 673 1453 socio,
700 1376 836 1453 maxime
851 1375 879 1435 si
894 1393 932 1435 eo
947 1373 1039 1436 modo
1054 1375 1285 1454 manumiserit,

203 1482 276 1543 quo,
302 1463 329 1523 si
350 1462 513 1541 proprium
536 1459 678 1539 haberet,
704 1461 807 1522 ciuem
829 1461 1003 1521 Romanum
1026 1459 1168 1522 facturus
1191 1469 1286 1522 esset.

204 1568 276 1608 nam
301 1549 327 1609 si
343 1550 428 1609 inter
442 1548 558 1608 amicos
574 1565 646 1608 eum
662 1547 893 1623 manumiserit‚
920 1547 1082 1627 plerisque
1097 1547 1200 1626 placet
1216 1565 1289 1608 eum

145 1630 184 1689 19
203 1634 285 1696 nihil
308 1634 423 1713 egisse.
470 1634 607 1713 Serum,
635 1634 668 1693 in
691 1651 754 1713 quo
777 1633 908 1694 alterius
930 1641 978 1694 est
1001 1632 1217 1709 usushuctuS,
1242 1632 1290 1694 al-

203 1721 304 1782 terius
325 1721 519 1801 proprietas,
553 1738 573 1779 a
594 1719 800 1800 proprietatis
823 1718 949 1781 domino
971 1719 1185 1780 manumissus
1207 1717 1290 1780 liber
1308 1727 1339 1776 tt

204 1826 268 1868 non
291 1807 337 1886 fit,
363 1806 419 1868 scd
442 1824 556 1868 seruus
579 1806 648 1867 sine
671 1803 798 1867 domino
821 1814 879 1866 est.

144 1887 185 1947 20
290 1894 360 1953 Post
382 1902 513 1954 mortem
536 1891 664 1953 heredis
683 1900 740 1953 ¹aut
763 1902 837 1952 ante
852 1891 1082 1952 institutionem
1098 1888 1225 1952 heredis
1241 1900 1291 1952 te-

205 1988 360 2039 stamento
383 1977 515 2039 libertas
537 1977 606 2041 dari
629 1996 692 2038 non
714 1986 829 2058 potest,
855 1986 987 2057 excepto
1002 1985 1191 2038 testamento
1207 1976 1291 2037 mili-

146 2059 182 2119 2⁴
205 2066 258 2124 tie.
298 2065 385 2125 Inter
406 2063 528 2125 medias
550 2063 705 2125 heredum
728 2063 942 2124 institutiones
961 2061 1091 2124 libertas
1106 2060 1178 2124 data
1193 2063 1292 2125 utris-

206 2167 269 2227 que
291 2148 482 2210 adeuntibus
504 2168 567 2210 non
589 2150 686 2209 ualet.
726 2148 791 2209 solo
812 2156 918 2208 autem
940 2146 1207 2229 prioreadeunte
1222 2150 1291 2210 iure
1308 2159 1341 2205 at

207 2236 337 2313 antiquo
360 2235 462 2295 ualet:
489 2231 544 2295 sed
560 2245 630 2314 post
645 2234 748 2313 legem
764 2234 891 2315 Papiam
907 2234 1092 2313 Poppaeam,
1118 2252 1199 2314 quae
1219 2253 1294 2314 par-

207 2331 272 2382 tem
295 2339 357 2381 non
380 2319 527 2381 adeuntis
549 2319 700 2381 caducam
723 2317 811 2396 facit,
844 2319 871 2380 si
899 2318 1029 2398 quidem
1057 2319 1177 2397 primus
1200 2321 1292 2381 heres

207 2406 261 2468 uel
283 2406 332 2468 ius
356 2405 519 2468 liberorum
534 2406 585 2467 cet
599 2409 647 2468 ius
662 2406 828 2485 antiquum
843 2404 968 2483 habeat,
993 2405 1100 2467 ualere
1117 2423 1186 2466 eam
1200 2424 1293 2485 posse
1353 2482 1356 2489 ἢ

207 2493 340 2573 placuit:
367 2491 452 2572 quod
475 2494 501 2553 si
524 2510 585 2553 non
609 2490 734 2569 habeat,
761 2510 824 2551 non
846 2492 954 2553 ualere
970 2499 1101 2569 constat,
1127 2489 1213 2569 quod
1228 2491 1293 2552 loco

207 2597 271 2640 non
294 2577 440 2641 adeuntis
461 2578 604 2660 legatarii
619 2587 726 2658 patres
742 2575 877 2639 heredes
892 2577 983 2639 fiunt.
1024 2586 1099 2639 sunt
1113 2585 1218 2637 tamen
1237 2577 1294 2656 qui
1310 2586 1343 2633 ιι
1366 2586 1368 2592 ·

45 2686 54 2705 x
148 2661 189 2722 22
208 2675 240 2726 et
262 2665 321 2727 hoc
343 2683 419 2726 casu
441 2664 551 2726 ualere
575 2683 643 2725 eom
665 2683 756 2744 posse
779 2662 900 2724 dicunt.
933 2664 994 2736 Qui
1010 2671 1196 2724 testamento
1212 2661 1294 2724 liber

208 2770 278 2813 esse
302 2751 408 2813 iussus
430 2760 494 2826 est,
528 2770 601 2812 mox
627 2768 722 2830 quam
745 2750 796 2811 uel
817 2767 900 2811 unus
923 2770 963 2811 ex
985 2746 1158 2811 heredibus
1180 2747 1295 2811 adierit

149 2833 188 2894 23
209 2835 430 2913 hereditatem,
456 2836 539 2899 liber
561 2837 606 2898 fit.
645 2837 730 2897 iusta
752 2834 884 2897 libertas
903 2844 1091 2898 testamento
1107 2844 1210 2915 potest
1225 2834 1294 2897 dari

209 2925 258 2985 his
274 2926 388 3002 scruiS,
414 2924 468 3004 qni
484 2923 665 2985 testamenti
681 2919 818 2984 faciendi
835 2932 867 2984 et
882 2923 992 2983 mortis
1007 2931 1148 3002 tempore
1165 2941 1210 2983 eoe
1225 2923 1295 2983 iure

208 3011 378 3083 Quiritium
400 3011 559 3071 testatoris
580 3008 720 3070 fuerunt.
1313 3017 1344 3062 ao

149 3095 189 3155 at
295 3098 358 3157 Lex
372 3096 457 3157 Fufia
474 3095 605 3157 Caninia
626 3093 716 3156 iubet
737 3103 923 3155 testamento
939 3092 1097 3155 extribus
1112 3094 1215 3155 seruis
1231 3111 1293 3154 non

209 3182 319 3262 plures
342 3201 437 3262 quam
460 3180 539 3243 duos
562 3181 750 3258 manumitti,
777 3189 809 3241 et
831 3199 934 3261 usque
949 3179 991 3241 ad
1006 3179 1116 3241 decem
1132 3177 1294 3241 dimidiam

209 3277 333 3348 partem
361 3269 586 3329 manumittere
613 3266 774 3327 concedit:
808 3284 825 3326 a
848 3265 952 3327 decem
975 3284 1078 3345 usque
1101 3264 1142 3328 ad
1164 3267 1295 3346 triginta

208 3356 333 3415 tertiam
353 3364 486 3434 partem,
512 3363 547 3416 ut
563 3363 669 3415 tamen
685 3351 790 3413 adhuc
806 3353 949 3433 quinque
966 3353 1188 3413 manumittere
1204 3352 1297 3412 liceat

211 3542 262 3556 WV'
605 3541 657 3555 ΛΜ

282 3667 292 3712 t
315 3662 405 3726 iure]'
399 3676 441 3713 ius
457 3663 477 3714 0
498 3659 509 3728 11
533 3664 567 3710 t
561 3674 631 3726 isqui
646 3658 697 3727 011
720 3665 820 3711 tanne
832 3663 860 3710 tit
871 3662 952 3711 lituro
964 3662 1068 3722 scripsit
1079 3672 1173 3710 manau
1184 3659 1270 3708 altero

212 3731 402 3795 texiure]et
423 3730 492 3783 usC
515 3728 526 3797 11
554 3658 750 3781 ttadmittlitG
773 3726 784 3796 11
812 3732 842 3778 tt
862 3726 1006 3795 maddi}
1034 3732 1064 3777 to
1083 3725 1263 3789 utriusquec

213 3805 241 3850 nt
263 3801 418 3866 pompeiam
440 3801 473 3852 0⁸
505 3796 516 3865 11
550 3802 582 3849 st
607 3798 756 3849 liberorum
774 3798 819 3849 uei
837 3802 880 3848 ius
899 3726 1062 3856 haehmdoa,
1082 3809 1132 3846 oon.
1155 3794 1187 3845 0·
1212 3796 1297 3856 possis

211 3872 291 3921 ettam
308 3882 367 3920 crem
385 3870 543 3921 dommim
560 3870 646 3932 patris
664 3868 734 3919 uol'
728 3882 771 3918 ius
788 3869 909 3930 supplere
935 3862 946 3933 11
973 3866 1067 3916 ualere
1088 3861 1121 3915 01)
1139 3867 1244 3926 (monus
1255 3876 1298 3913 ao-

212 3938 489 4001 concamarata·
516 3935 526 4002 11
555 3940 587 3986 to
605 3937 676 4017 eam]
696 3937 755 3987 eius
773 3950 834 3987 eam
856 3936 876 3986 0
902 3931 913 4001 11
942 3938 974 3984 ιι
993 3946 1076 3998 quom
1093 3933 1139 3983 uel
1158 3932 1299 3993 Macaron,

212 4007 379 4072 quemuisc
405 4004 416 4070 11
445 4010 477 4056 m
496 4006 552 4071 qui]
573 4007 620 4070 qui
638 4009 665 4056 et
683 4006 811 4069 Bcocktnp
839 4000 850 4072 11
878 4018 911 4053 er
928 4003 997 4065 iure]
989 4003 1043 4065 ]et
1060 4001 1138 4052 ἰιιεο
1165 3996 1176 4066 11
1205 4005 1238 4050 to
1256 4003 1298 4052 te·

212 4080 379 4127 stassstores
394 4076 414 4127 0
437 4071 449 4142 1Ι
474 4079 503 4125 ιι
522 4077 714 4126 testamentum
730 4075 751 4126 0
774 4070 785 4140 11
811 4078 843 4123 ιι
860 4073 967 4123 decimo
984 4071 1019 4121 0
1032 4074 1151 4131 ccpoctcs
1162 4069 1197 4120 ab
1209 4071 1300 4122 unda·

214 4158 268 4194 cim
281 4151 306 4196 ct
317 4146 436 4196 ucultter
446 4144 519 4206 infru
528 4158 557 4207 p
572 4147 597 4206 8,
613 4137 754 4194 ccxxxi
767 4142 893 4193 ettaCI
