3010 4738
246 316 320 367 aaut.
335 318 368 378 u,
383 321 425 366 at.
441 321 471 365 aa
636 348 721 360 ...
765 315 806 378 80
850 350 935 361 ....

244 503 382 567 *lurtum
403 504 518 567 iecisse
540 504 684 581 uidetur,
713 507 864 585 quianon
881 505 914 566 in
931 523 1000 566 eam
1017 523 1142 566 oausam
1166 503 1208 566 ab
1223 523 1260 565 eo
1274 506 1327 565 ui-
1379 528 1383 531 ·

184 592 229 657 30.
243 591 380 653 *dentur
402 600 538 671 accepta.
578 590 733 671 Frugibus
755 609 795 652 ex
816 589 915 652 fundo
931 589 1092 671 subreptis
1114 600 1177 652 tam
1198 590 1327 652 colonus

243 675 520 758 *quemdominus
542 677 618 738 barti
635 696 726 758 agere
743 686 891 756 possunt,
917 678 991 756 quia
1012 678 1179 756 utriusque
1196 677 1328 737 interest

183 764 218 823 3.l
243 763 329 825 *rem
345 764 506 844 persequi.
540 764 599 836 Qui
617 764 762 825 ancillam
777 781 839 823 non
856 763 1057 824 meretricem
1072 762 1217 823 libidinis
1232 781 1327 824 causa

243 848 436 930 *subripuit,
462 848 536 912 lorti
559 851 680 912 actione
703 849 883 926 tenebitur,
910 858 942 911 et
964 850 990 910 si
1006 849 1200 928 suppressit,
1224 858 1364 928 poenas

184 937 223 999 32
242 935 340 1016 *legis
355 935 467 997 Fabiae
483 934 678 997 coercetur.*
716 936 776 1008 Qui
791 934 916 998 tabulas
931 936 1134 997 cantionesue
1151 933 1323 1015 subripuit,

242 1023 275 1083 in
297 1020 487 1102 adscriptam
509 1041 661 1083 summam
679 1020 754 1082 lurti
769 1022 891 1083 actione
904 1018 1084 1082 tenebitur:
1109 1040 1169 1082 nec
1179 1022 1323 1099 interest,

242 1109 430 1170 cancellatae
446 1126 507 1168 nec
522 1126 563 1169 ne
578 1107 657 1184 sint,
683 1109 759 1186 quia
779 1126 818 1167 ex
834 1107 884 1168 his
900 1105 1042 1169 debitum
1064 1106 1252 1168 dissolutum
1274 1108 1326 1167 in-

183 1196 221 1255 33
241 1204 340 1255 terest
362 1193 569 1275 comprobari.
614 1191 693 1266 *Qui
716 1211 809 1256 seruo
832 1192 924 1273 lagae
940 1194 1105 1254 consilium
1122 1192 1219 1270 dedit,
1248 1191 1324 1253 lurti

182 1283 221 1342 at
241 1279 391 1361 *quidem
413 1281 534 1342 actione
556 1298 618 1340 non
634 1289 776 1356 tenetur,
802 1277 857 1340 sed
874 1280 958 1340 serui
980 1280 1130 1359 corrupti.
1171 1280 1231 1340 Res
1246 1277 1325 1340 sub-
1346 1292 1380 1336 to

243 1365 352 1447 *repta
367 1367 394 1427 si
410 1367 443 1427 in
460 1364 579 1427 domiui
595 1376 779 1446 potestatem
800 1384 929 1427 reuersa
944 1366 1001 1443 sit,
1020 1376 1122 1426 cessat
1138 1364 1214 1426 furti
1230 1367 1322 1426 actio.

170 1446 222 1513 '35
242 1451 321 1525 *Qui
343 1450 471 1513 furandi
495 1453 599 1512 animo
620 1452 768 1514 conclaue
791 1452 915 1531 effregit
938 1452 990 1512 uel
1006 1452 1145 1532 aperuit,
1173 1451 1231 1513 sed
1245 1451 1326 1510 nibil

242 1537 401 1613 *abstulit
417 1538 493 1599 furti
505 1538 625 1598 actione
633 1538 797 1599 conueniri
810 1557 871 1599 nou
884 1546 998 1617 potest,
1013 1537 1199 1599 iniuriarum
1209 1545 1322 1617 potest.

182 1628 222 1686 36
242 1624 322 1697 *Qui
338 1642 407 1684 rem
422 1642 511 1685 suam
528 1622 668 1701 furatur,
688 1626 730 1686 ita
753 1623 880 1685 denium
904 1622 979 1684 furti
1004 1623 1125 1684 actione
1147 1642 1209 1684 non
1231 1632 1325 1683 tene-

173 1711 223 1772 ’37
242 1709 330 1788 *tur,
356 1710 382 1770 si
399 1710 490 1771 alteri
512 1729 552 1770 ex
574 1711 632 1770 hoc
652 1728 714 1770 non
737 1708 921 1772 noceatur*
959 1710 1094 1785 Seruus,
1119 1710 1175 1788 qui
1201 1710 1232 1769 in
1250 1707 1324 1788 fuga
1345 1722 1380 1767 ts

242 1805 299 1874 est,
319 1814 337 1856 a
352 1793 479 1856 domiuo
495 1795 624 1876 quidem
640 1793 838 1876 possidetur,
864 1794 920 1856 sed
937 1794 1083 1856 dominus
1106 1794 1182 1856 lurti
1200 1796 1324 1856 actione

242 1882 310 1943 eius
326 1883 453 1943 nomine
469 1901 532 1942 nou
548 1892 687 1960 tenetur,
707 1882 782 1962 q'uia
797 1884 830 1942 in
846 1889 1000 1962 potestate
1017 1900 1087 1943 eum
1104 1901 1166 1942 non
1182 1880 1287 1943 babet.

526 2069 613 2151 [xxxo
656 2089 693 2131 nn
718 2089 820 2131 oannis
844 2070 1036 2151 rrararoarn]

239 2252 245 2260 ,
328 2190 480 2271 Egentem
495 2201 661 2272 patronum
685 2190 819 2252 libertus
834 2189 1023 2271 obligatione
1040 2188 1115 2251 doni
1137 2191 1278 2251 muneris
1293 2199 1326 2253 et

242 2295 407 2356 operarum
434 2279 556 2339 solutus
582 2280 666 2340 alere
687 2275 847 2356 cogendus
871 2286 918 2338 est
942 2296 998 2357 pro
1021 2276 1112 2337 modo
1141 2275 1323 2338 facultatum
1344 2288 1379 2334 ao

241 2381 378 2425 suarum.

977 2472 990 2507 0

244 2550 456 2565 rxeNWVWVNlVUU
838 2548 1107 2562 ΧΙΧΛΛΛΛΛΛΛΛΛΛΛΛΛΛΛΙ

310 2653 929 2717 al,oo-as=nr9.tr,a,aa,creatore
971 2652 982 2715 ιι
1024 2652 1325 2712 al‚aa-atcotaetos

241 2724 258 2772 l.
273 2737 295 2773 c.
311 2737 345 2774 eoa
361 2724 619 2774 Vesoott'norettitoit
658 2723 669 2785 11
711 2726 754 2782 at,
769 2726 800 2770 ³7
813 2722 846 2784 os.
861 2722 917 2772 Leto
929 2722 1000 2772 llom.
1016 2722 1150 2786 Bnrpund.
1166 2725 1197 2772 45

241 2876 384 2889 ΛΙΧΛΛΛΛΛΛΛΙ
390 2876 548 2889 ννννιΛΛΙυν-ιν
556 2876 782 2889 ἢΛΛΙῑΙνΧΛΛΛΛΙνιΛΛΙ

312 2995 470 3059 ttpoesitl'a
484 2995 605 3047 duodus
633 2995 644 3059 ΙΙ
674 2995 823 3057 tinterest]
838 2994 920 3045 refert
932 2995 992 3059 Dip.
1017 2994 1028 3059 ΙΙ
1056 2995 1325 3046 scanccllataedett.

242 3076 300 3114 erun
317 3064 392 3128 Dia„
413 3064 631 3115 caucancellatae
650 3065 700 3125 Me,
720 3077 753 3114 an
774 3065 938 3115 cancellatae
956 3060 1013 3125 Μ’ῡ,
1034 3064 1105 3115 hanc
1122 3064 1248 3115 ancillate
1266 3065 1286 3115 L
1314 3061 1325 3130 ll

242 3134 305 3196 quia
317 3134 377 3182 dett.
393 3132 464 3197 Dia„
478 3147 531 3196 qua
541 3133 577 3193 M,
592 3133 690 3196 quael.
720 3132 731 3197 11
761 3132 883 3183 debitum
894 3135 980 3196 magis
993 3132 1111 3183 solutum
1124 3146 1324 3198 essecompro·

241 3201 299 3251 bari
311 3203 400 3265 potest
411 3201 471 3265 Dip.
503 3201 514 3266 ΙΙ
544 3205 571 3250 ll
595 3201 656 3251 lurti
670 3202 749 3266 actio]
765 3207 883 3264 expectes
895 3202 1032 3252 condictio
1043 3201 1144 3252 furtiua
