3010 4738
581 363 667 376 ...
712 329 772 393 103
815 364 901 377 ....
1060 331 1282 392 raui.1v‚o.io

200 536 269 580 som
291 516 491 597 aliquidaut
513 516 725 600 prodigiosum
746 521 840 581 enixa
862 519 919 598 sit,
949 520 1029 581 nihil
1048 520 1189 601 proficit:
1218 539 1281 582 non

200 612 274 666 sunt
289 605 375 665 enim
388 602 493 679 liberi,
513 606 568 685 qui
584 615 692 667 contra
703 605 835 667 formam
849 605 979 667 humani
991 609 1118 687 generis
1133 626 1282 669 conuerso

163 689 287 751 imore
311 698 531 770 procreantur.
578 692 720 770 Parium,
749 693 805 772 qui
831 690 1047 753 membrorum
1072 693 1281 754 humanorum

199 775 302 838 officia
317 775 503 857 duplicauit,
521 778 597 857 quia
616 778 676 839 hoc
688 779 810 840 ratione
825 779 1025 859 aliquatenus
1039 777 1169 840 uidetur
1186 780 1282 841 effec-

161 860 180 920 5
198 871 283 942 tum,
308 864 402 924 matri
423 862 573 943 prodesse
593 864 723 943 placuit.
777 865 919 945 Septimo
941 882 1049 926 mense
1073 874 1165 927 natus
1189 866 1315 926 matris

198 948 346 1030 prodest:
370 950 450 1011 ratio
472 951 558 1011 enim
574 950 780 1031 Pythagoram¹
792 951 918 1013 numeri
941 950 1000 1012 hoc
1021 949 1151 1011 uidetur
1166 949 1282 1013 admit-

200 1045 277 1114 tere,
296 1044 331 1096 ut
346 1043 401 1098 aut
415 1036 549 1116 septimo
564 1036 659 1116 pleno
673 1046 729 1099 θυι
743 1035 868 1099 decimo
882 1055 990 1098 mense
1006 1046 1116 1116 pertus
1131 1039 1283 1098 maturior

162 1120 360 1184 tuideatur.
405 1119 546 1184 Aborsus
565 1131 597 1184 et
624 1122 755 1186 abactus
780 1132 895 1186 uenter
916 1130 1042 1204 partum
1064 1121 1192 1184 efficere
1218 1141 1281 1183 non

162 1204 181 1266 7
199 1207 339 1270 uidetur.
385 1206 547 1270 Libertina
561 1217 597 1270 ut
612 1209 662 1271 ius
677 1207 852 1272 liberorum
867 1210 1018 1290 consequi
1033 1211 1149 1290 possit,
1169 1218 1282 1288 quater

161 1293 180 1351 8
200 1312 269 1355 eam
283 1295 447 1374 peperisse
461 1302 498 1356 ut
512 1295 683 1375 ingenuam
697 1295 825 1358 sufficit.
861 1297 971 1357 Latina
985 1296 1123 1375 ingenua
1139 1296 1188 1356 ius
1203 1294 1282 1367 Qui·
1301 1306 1332 1351 io

177 1380 309 1442 ·ritium
330 1389 498 1443 consecuta
519 1382 546 1442 si
569 1390 619 1443 ter
633 1382 777 1462 peperit,
801 1380 842 1443 ad
856 1376 1029 1462 legitimam
1050 1380 1106 1441 lilii
1121 1380 1283 1443 heredita-

161 1466 179 1524 9
198 1475 262 1528 tem
277 1464 470 1530 admittitur:
489 1485 552 1529 non
568 1477 616 1529 est
631 1469 716 1529 enim
732 1469 936 1530 manumissa.
961 1468 1013 1529 lus
1026 1465 1200 1529 liberorum
1215 1486 1282 1529 ma-

197 1560 249 1613 ter
266 1551 380 1633 hahet,
410 1571 490 1634 quae
513 1561 580 1615 tres
601 1553 681 1616 filios
701 1562 755 1617 aut
777 1552 874 1616 habet
895 1563 949 1616 aut
969 1553 1081 1615 hahuit
1102 1561 1156 1615 eut
1177 1572 1281 1633 neque

197 1636 410 1720 hebetesque
426 1638 548 1702 habuit.
577 1638 691 1725 habet,
702 1641 753 1702 eui
769 1649 958 1722 supersunt:
976 1639 1089 1701 habuit
1103 1658 1186 1719 quae
1202 1639 1282 1702 ami-

198 1725 256 1786 sit:
281 1744 386 1804 neque
401 1724 497 1788 habet
512 1745 616 1806 neque
632 1725 762 1806 hahuit,
788 1746 870 1807 quae
884 1725 1040 1789 beneficio
1062 1726 1216 1806 principis
1232 1727 1281 1787 ius
1301 1737 1331 1783 lo

140 1808 178 1868 to
197 1809 373 1873 liberorum
395 1822 561 1874 consecuta
582 1820 640 1874 est.
687 1811 804 1874 *Mater
823 1832 882 1895 per
902 1812 1031 1874 fratrem
1054 1811 1234 1874 excluditur
1250 1821 1281 1873 et

198 1894 250 1958 *in
265 1899 463 1961 successione
478 1897 576 1960 frater
590 1918 662 1960 cum
678 1918 783 1961 sorore
798 1918 901 1980 aequa
915 1908 998 1960 sorte
1014 1896 1167 1961 succedit.
1197 1895 1283 1978 quod

197 1982 243 2044 *si
257 1982 355 2045 irater
370 1982 525 2063 defuerit,
543 1994 645 2047 mater
659 1995 690 2048 et
704 1985 807 2066 filiae,
826 1993 962 2067 quantae
977 1983 1115 2064 fuerint,
1133 1985 1283 2063 aequales

196 2069 344 2151 *capiunt
358 2069 550 2152 portiones*

720 2291 758 2375 ui
931 2275 933 2283 ·
1300 2303 1331 2348 2⁰

160 2411 173 2471 l
282 2412 370 2475 *Filii
391 2414 488 2494 uulgo
514 2413 650 2494 quaesiti
672 2412 713 2476 ad
733 2412 906 2494 legitimam
932 2414 1043 2476 matris
1070 2410 1281 2474 hereditatem

196 2498 376 2582 *adspirare
391 2519 455 2562 non
469 2499 692 2582 prohihentur,
711 2501 787 2580 quia
801 2501 870 2582 pari
885 2500 973 2579 iure,
991 2507 1025 2561 υι
1039 2500 1178 2580 ipsorum
1193 2496 1282 2558 here-

160 2584 324 2650 2*ditoter
347 2585 519 2665 matribus,
544 2588 587 2649 ita
602 2588 681 2667 ipsis
703 2596 838 2647 matrum
854 2584 972 2648 deferri
994 2584 1185 2648 debuerunt.
1231 2581 1282 2645 Ad

196 2671 314 2735 *liliam
335 2673 486 2744 ancillam
502 2672 556 2734 uel
577 2672 725 2733 libertam
742 2691 782 2734 ex
803 2681 930 2734 senatus
953 2672 1093 2733 consulto
1109 2668 1280 2732 Claudiano

196 2757 358 2822 *effectam
379 2759 520 2839 legitima
536 2760 646 2820 matris
661 2759 828 2820 intestatae
851 2757 1011 2820 hereditas
1032 2759 1194 2838 pertinere
1218 2775 1280 2818 non
1300 2765 1334 2814 st

196 2844 334 2926 *potest‚
361 2846 434 2926 quia
456 2864 563 2925 neque
578 2846 663 2907 serui
679 2863 784 2925 neque
798 2843 905 2917 liberti
925 2853 1058 2906 matrem
1081 2843 1208 2905 ciuilem
1223 2843 1282 2904 ha-

159 2930 177 2989 3
197 2930 292 2994 *bere
314 2931 553 3011 intelleguntur.
599 2929 649 2992 Ad
669 2926 842 3011 legitimam
867 2931 1034 2992 intestatae
1056 2930 1166 2992 matris
1186 2928 1282 2991 here-

196 3016 346 3080 *ditatem
366 3017 423 3079 filii
446 3019 533 3080 ciues
552 3017 701 3097 Romani,
732 3036 795 3078 non
817 3017 912 3078 etiam
933 3016 1033 3078 Latini
1055 3015 1279 3079 admittuntur.

196 3102 301 3167 *ciues
323 3112 429 3166 autem
443 3104 597 3166 Romanos
621 3122 656 3165 eo
672 3114 814 3184 tempore
838 3122 907 3165 esse
922 3110 1061 3185 oportet,
1085 3121 1148 3184 quo
1163 3103 1209 3163 eis
1224 3101 1282 3163 de-

195 3292 245 3306 ΛΜ

267 3400 292 3459 9,
307 3400 332 3447 a.
347 3398 361 3445 i
375 3415 407 3439 =
421 3396 480 3458 Die.
497 3399 521 3456 l,
535 3398 561 3457 e,
577 3397 608 3444 li
650 3394 661 3458 ΙΙ
702 3399 728 3458 9,
744 3399 774 3444 lo
794 3414 826 3437 =
845 3395 902 3445 Leoe
919 3396 990 3445 llom.
1006 3395 1142 3458 Borqeod.
1157 3396 1198 3453 28,
1213 3395 1238 3443 ι.
1253 3396 1281 3452 a,

197 3478 263 3528 eece
281 3471 367 3517 temen
384 3478 435 3514 oon
452 3467 511 3526 ipso
528 3465 605 3515 Pauli
621 3463 719 3525 certo,
738 3465 784 3514 scd
800 3469 983 3528 argenteolum
999 3465 1142 3514 sententiae
1157 3461 1238 3524 refert
1270 3459 1281 3526 l}

199 3538 240 3598 lo,
256 3536 320 3583 l-3
334 3553 366 3577 =
378 3533 514 3596 appendic
528 3536 552 3595 i,
566 3535 666 3582 il-'le

267 3808 402 3863 thocli.
416 3808 499 3858 hecL
533 3806 545 3870 ΙΙ
581 3806 778 3871 epythegorae
790 3807 887 3857 codices
921 3805 932 3869 11
968 3802 1136 3866 elibertina]
1153 3802 1283 3853 libertina

197 3879 293 3929 Latina
304 3877 423 3928 Huschke
450 3876 462 3940 ΙΙ
492 3879 523 3924 ιι
536 3877 568 3925 ut
577 3876 723 3939 ingenuam
735 3876 784 3926 del.
799 3874 920 3926 Ceionius
943 3874 954 3939 ΙΙ
977 3872 1160 3932 θυιίίθιιυθιι.,
1174 3870 1282 3922 suffecit

198 3944 397 4007 l1,suificietl
420 3944 431 4009 ΙΙ
460 3948 489 3994 ιι
504 3944 852 4008 θυοθθάυυιοοάιθθθιοριθ
864 3945 935 3994 liom.
950 3944 1032 4007 Bcrp.
1063 3942 1074 4005 ΙΙ
1104 3941 1286 3991 ιονυινιθθυι
1337 3963 1339 3968 ·

197 4016 232 4067 de
244 4017 433 4066 intestatorum
444 4013 642 4066 hereditatibus
661 4014 700 4077 (ε
714 4016 754 4065 ιιι.
768 4014 792 4077 8)
812 4015 876 4064 citot
885 4012 1036 4074 appendio:
1058 4010 1178 4062 Geiooios
1189 4010 1280 4060 ndn-

197 4084 301 4136 oemad
314 4082 592 4135 senatusconsultum
603 4082 763 4134 Orfitianum
775 4083 894 4133 restituit
922 4080 933 4144 ll
963 4083 995 4129 ιι
1007 4083 1039 4131 υι
1052 4080 1183 4141 Calceus,
1197 4080 1225 4130 in
1237 4079 1285 4130 eei

196 4153 225 4204 hi
236 4155 267 4205 ut
278 4154 377 4204 codices
404 4151 416 4215 ll
444 4152 608 4203 hereditates
620 4165 670 4204 om.
685 4153 782 4203 codices
