3010 4738
245 335 319 387 Paul.
334 337 456 396 V,l.ts
625 369 711 382 -..
758 333 816 397 108
859 368 945 380 ...-

204 527 225 587 2
245 532 389 605 possunt.
412 526 544 587 veritati
559 534 590 586 et
605 525 720 605 origini
738 524 941 604 ingenuitatis
955 523 1158 586 manumissio
1174 540 1328 603 quocum-

203 613 224 673 3
245 629 308 691 que
324 610 415 672 modo
430 609 511 672 facta
531 629 594 672 non
609 610 819 691 praeiudicat.
865 610 1040 691 Descriptio
1062 610 1271 690 ingenuorum
1286 627 1327 670 ex

245 695 346 759 officio
361 696 427 759 fisci
443 698 527 759 inter
541 695 679 759 fiscalem
693 696 844 759 familiam
857 695 938 758 facta
952 696 1139 776 ingenuitati
1155 713 1217 756 non
1233 714 1327 775 prae-

206 785 225 845 f
244 782 373 845 iudicat.
412 783 473 855 Qui
488 791 576 845 metu
591 792 623 845 et
638 783 844 865 impressione
859 781 992 844 alicuius
1013 783 1142 843 terroris
1156 780 1243 861 apud
1258 791 1327 844 acta

210 888 215 897 ·
243 866 402 948 praesidis
422 887 553 931 seruum
568 887 602 931 se
625 887 695 931 esse
718 869 868 931 mentitus
883 876 947 946 est,
972 876 1081 948 postea
1102 876 1218 929 statum
1234 879 1359 929 suumc

205 958 225 1016 t
244 952 428 1017 defendenti
451 973 514 1016 non
535 953 743 1036 praeiudicat.
791 956 862 1016 Post
882 962 1064 1034 susceptum
1086 953 1219 1016 liberale
1241 952 1327 1015 iudi-

244 1041 328 1101 cium
340 1041 367 1102 si
378 1040 523 1103 adsertor
535 1060 660 1104 oausam
671 1039 858 1119 deseruerit,
876 1041 910 1101 in
922 1040 1019 1103 alium
1028 1038 1223 1102 adsertorem
1235 1058 1328 1101 omne

244 1124 398 1189 iudicium
408 1125 575 1189 transferri
586 1128 721 1209 placuit:
739 1129 773 1188 in
784 1128 924 1209 priorem
939 1145 1029 1206 uero,
1046 1124 1132 1206 quod
1146 1123 1327 1206 prodendae

243 1211 400 1275 libertatis
423 1214 523 1293 gratia
544 1213 741 1290 factumest,
767 1223 859 1275 extra
872 1211 1018 1274 ordinem
1038 1210 1237 1274 uindicatur:
1264 1230 1327 1273 non

244 1301 330 1360 enim
345 1308 468 1379 oportet
482 1310 663 1380 susceptam
678 1310 778 1362 status
793 1317 921 1362 oausam
936 1298 1024 1361 nulla
1039 1307 1170 1378 cogente
1186 1299 1328 1359 necessi·
1346 1307 1374 1351 ⁴⁰

204 1387 309 1447 litate
329 1383 472 1447 destitui.
519 1384 595 1447 *Cui
617 1386 791 1448 necessitas
811 1383 967 1466 probandi
989 1382 1029 1446 de
1052 1384 1249 1464 ingenuitate
1270 1402 1328 1445 sua

243 1469 324 1532 *non
346 1469 517 1547 incumbit,
543 1472 626 1533 ultro
648 1473 676 1534 si
700 1474 769 1552 ipse
790 1470 927 1553 probare
944 1468 1121 1544 desideret,
1147 1467 1328 1532 audiendus

205 1556 225 1618 7
243 1555 321 1619 *est
367 1557 428 1629 Qui
444 1554 484 1619 de
500 1558 696 1637 ingenuitate
712 1567 919 1638 cognoscunt,
938 1555 979 1618 de
994 1557 1152 1619 calumnia
1166 1557 1251 1633 eius,
1272 1557 1326 1635 qui

243 1641 383 1704 *temere
394 1643 639 1706 controuersiam
655 1644 763 1722 mouit,
781 1642 822 1705 ad
836 1641 965 1705 modum
977 1642 1082 1705 exsilii
1095 1651 1228 1723 possunt
1242 1640 1328 1703 ferre

204 1730 225 1788 8
242 1727 462 1791 *sententiam
508 1731 638 1791 Tutores
652 1730 705 1791 uel
720 1738 882 1792 curatores
895 1728 1105 1809 pupillorum,
1128 1746 1261 1808 quorum
1276 1736 1329 1789 tu·
1348 1738 1378 1785 ⁴⁵

244 1811 358 1877 *telam
382 1824 413 1875 et
438 1833 490 1876 res
510 1814 831 1894 administrauerunt,
858 1824 968 1896 postea
989 1824 1090 1878 status
1112 1815 1329 1893 quaestionem

205 1903 225 1961 9
243 1897 366 1962 *iacere
382 1918 445 1961 non
460 1911 602 1981 possunt.
641 1902 770 1963 Maritus
785 1902 876 1963 uxori
891 1898 1213 1981 eidemque-libertae
1229 1909 1329 1962 status

243 1984 477 2064 *quaestionem
494 1988 613 2050 inferre
629 2006 692 2049 non
707 1986 927 2069 prohibetur*

766 2171 812 2258 [¹⁴]

208 2294 220 2355 l
329 2294 470 2358 *Locutio
478 2297 691 2376 uectigalium,
707 2297 1039 2377 quaecaloriicitantis
1050 2293 1270 2358 ultramodum
1278 2312 1329 2355 so·
1347 2307 1378 2353 so

243 2380 336 2444 *litae
348 2381 565 2445 conductionis
578 2382 711 2460 inflauit,
727 2384 770 2445 ita
782 2382 910 2445 demum
922 2380 1119 2444 admittenda
1131 2389 1189 2458 est,
1210 2381 1237 2442 si
1248 2378 1329 2442 fide-

243 2466 400 2531 *iussores
412 2467 542 2530 idoneos
557 2477 589 2529 et
603 2471 781 2531 cautionem
796 2470 823 2529 is
838 2470 894 2548 qui
905 2469 1077 2531 licitatione
1088 2468 1204 2530 uicerit
1214 2467 1329 2528 offerre

206 2556 225 2615 9
243 2553 392 2634 *paratus
406 2555 458 2616 sit.
482 2552 532 2615 Ad
547 2553 789 2616 conducendum
800 2555 938 2635 uectigal
949 2555 1070 2617 inuitus
1086 2572 1178 2615 nemo
1190 2552 1330 2633 compel·
1374 2626 1378 2633 1

244 2640 339 2702 *litur
354 2636 393 2702 'et
412 2638 483 2702 ideo
509 2639 640 2720 impleto
659 2649 800 2721 tempore
823 2639 1041 2703 conductionis
1068 2638 1219 2701 elocanda
1240 2647 1326 2700 sunt.

205 2727 225 2786 3
244 2723 481 2807 *Reliquatores
496 2727 699 2807 uectigalium
713 2726 754 2788 ad
773 2725 950 2790 iterandam
966 2724 1217 2803 conductionem,
1236 2733 1329 2788 ante·
1348 2736 1380 2783 25

244 2810 357 2891 *quam
368 2813 522 2897 superiori
534 2812 734 2875 conductioni
746 2812 949 2891 satisfaciant,
965 2811 1153 2875 admittendi
1165 2830 1228 2872 non
1240 2820 1326 2873 sunt.

206 2899 225 2958 f
245 2895 428 2960 *Debitores
440 2897 507 2959 fisci
518 2900 655 2980 itemque
667 2901 713 2960 rei
726 2898 870 2978 publicae
883 2899 1050 2979 uectigalia
1065 2896 1242 2960 conducere
1254 2914 1329 2976 pro·

244 2982 425 3061 *bibentum
444 3002 486 3044 ne
497 2984 608 3046 exalia
621 3002 713 3046 eausa
728 3002 837 3046 eorum
850 2982 958 3045 debita
969 2994 1156 3046 onerentur:
1175 2983 1237 3044 nisi
1249 2980 1330 3045 forte

245 3067 344 3131 *tales
365 3068 567 3131 fideiussores
587 3068 776 3147 obtulerint,
801 3071 855 3150 qui
878 3067 996 3133 debitis
1017 3089 1126 3132 eorum
1149 3068 1328 3132 satisfacere

206 3153 226 3214 5
244 3154 366 3235 *parati
387 3156 462 3217 sint.
499 3156 582 3219 Socii
603 3155 804 3236 uectigalium
821 3158 848 3217 si
869 3157 1040 3236 separatim
1055 3164 1162 3236 partes
1176 3155 1329 3218 adminis-
1348 3167 1380 3214 ao

245 3240 368 3320 *trent,
392 3242 473 3303 alter
495 3241 536 3303 ab
556 3242 656 3303 altero
679 3242 784 3303 minus
800 3241 912 3304 idoneo
934 3242 966 3303 in
982 3261 1016 3305 se
1031 3244 1207 3322 portionem
1221 3251 1328 3303 trans-

206 3329 227 3388 6
245 3326 341 3389 *ferri
355 3329 425 3389 iure
441 3325 614 3390 desiderat.
660 3327 750 3401 Quod
767 3328 875 3390 illicite
896 3327 1025 3409 publice
1039 3329 1254 3409 priuatimque
1270 3347 1329 3389 ex-

245 3414 367 3477 *aotum
389 3423 437 3476 est
454 3433 525 3476 cum
541 3414 640 3476 altero
660 3423 747 3477 tanto
762 3416 864 3495 passis
884 3415 1035 3478 iniuriam
1051 3415 1243 3476 exsoluitur:
1268 3432 1328 3494 per

317 3725 704 3788 t,e-t=m·p.tt,ta‚es
735 3724 745 3786 ll
777 3725 1146 3789 ts,l-9=Dip.89‚i,9

246 3878 413 3893 ΛΑΝΑΛΛΛΛΛΛ(
697 3876 880 3889 Vvvvvvvvxavvx
887 3877 1171 3891 wwuvvuval'mlvvvv
1176 3878 1330 3889 Wvuwxlwvux,

316 4020 347 4067 20
366 4016 445 4081 quae]
460 4030 542 4082 quam
557 4015 675 4067 Getooer
703 4015 713 4078 ΙΙ
744 4015 870 4077 calorl'¹‚
885 4016 976 4066 calore
990 4014 1021 4065 ΡΣ
1049 4015 1060 4078 ΙΙ
1090 4018 1122 4065 st
1140 4016 1273 4067 elocanda
1286 4014 1327 4077 1³¹,

244 4085 404 4205 {fflssm
420 4083 451 4135 l‘l
488 4086 498 4149 ΙΙ
540 4089 567 4134 at
591 4084 736 4136 transferre
749 4086 808 4135 iure
823 4083 862 4147 ΡΣ,
878 4084 1070 4135 transferretur
1081 4085 1123 4146 ii,
1138 4083 1330 4135 transferretur
