3006 4736
258 314 315 416 lup.
333 352 432 399 ra-to
647 380 731 392 ,-
778 345 815 407 18
860 377 946 390 ...-

427 536 489 619 [rnn
533 553 570 596 nn
594 552 715 597 clanim
738 550 814 595 enno
836 551 871 592 nr
894 551 1046 595 miramo
1070 530 1168 610 aaran}

224 660 237 719 l
346 661 426 738 Lege
442 657 518 719 Iulia
540 653 751 736 prohibentur
765 672 881 715 uxores
896 653 1011 715 ducere
1033 663 1192 713 senatores
1207 648 1337 730 quidem

260 745 416 824 liberique
444 761 553 804 eorum
578 740 743 801 libertinas
769 749 800 800 et
825 758 907 819 quae
933 741 1019 818 ipsae
1046 755 1222 817 quarumue
1248 747 1338 816 pater

261 840 403 892 materne
424 838 525 891 artem
538 826 692 889 ludicram
708 826 834 903 fecerit,
860 825 936 885 item
958 842 1086 905 corpore
1109 832 1277 904 quaestum
1292 821 1339 883 fa-

224 917 244 978 2
261 919 409 978 cientem.
439 915 542 976 Ceteri
558 923 662 975 autem
678 912 807 992 ingenui
828 910 1037 990 prohibentur
1051 908 1166 972 ducere
1188 910 1290 970 lenam
1308 920 1337 969 et
1358 921 1373 966 o

261 1003 413 1065 alenone
436 1003 550 1063 lenone
574 999 796 1060 manumissam
820 999 907 1058 etin
931 996 1082 1058 adulterio
1109 995 1339 1074 deprehensam

262 1098 293 1150 et
308 1087 424 1151 iudicio
439 1086 563 1167 publico
580 1084 756 1147 damnatam
778 1092 810 1143 et
825 1101 905 1163 quae
921 1094 1018 1144 artem
1033 1082 1186 1144 ludicram
1209 1080 1335 1142 fecerit:

262 1174 357 1236 adicit
371 1173 580 1236 Mauricianus
595 1182 626 1231 et
642 1190 659 1231 a
675 1179 786 1231 senatu
802 1168 990 1230 damnatam.

556 1342 615 1426 [xiv
658 1363 694 1404 nn
715 1361 810 1405 ronna
832 1360 914 1403 nucis
938 1341 1042 1422 muel

325 1450 327 1455 ¹
347 1465 484 1525 Feminis
505 1466 557 1525 lex
577 1463 655 1524 lulla
678 1471 809 1524 amorte
826 1463 887 1523 uiri
902 1464 978 1524 anni
997 1461 1109 1523 tribuit
1130 1464 1336 1537 uacationem,
1361 1477 1391 1520 to

262 1572 278 1611 a
295 1551 431 1613 diuortio
446 1569 502 1611 sex
513 1568 665 1627 mensum,
684 1549 736 1609 lex
751 1559 856 1609 autem
869 1549 962 1628 Papia
977 1568 994 1610 a
1010 1558 1109 1609 morte
1125 1549 1189 1609 uiri
1205 1547 1338 1621 biennii,

262 1659 280 1698 a
296 1635 427 1716 repudio
442 1636 516 1696 anni
533 1645 564 1696 et
578 1654 635 1697 sex
649 1653 801 1695 mensum.

663 1806 710 1887 [xv
753 1826 790 1866 un
812 1806 938 1886 uncinis]

228 1927 239 1986 l
348 1928 403 1988 Vir
418 1936 449 1988 et
464 1945 544 1988 uxor
560 1927 643 1987 inter
658 1944 692 1987 se
708 1927 899 1986 matrimonii
915 1926 1041 1987 nomine
1058 1925 1212 1988 decimam
1228 1946 1342 2007 capere

262 2023 403 2094 possunt.
434 2012 518 2093 quod
533 2013 558 2073 si
576 2032 615 2073 ex
630 2013 690 2073 alio
706 2013 904 2072 matrimonio
916 2011 1031 2073 liberos
1043 2014 1230 2092 superstites
1242 2012 1353 2074 habe:
1363 2027 1394 2071 to
1485 2026 1486 2031 ’

263 2110 334 2179 ant,
360 2109 485 2180 praeter
505 2099 676 2176 decimam,
704 2117 797 2177 quam
829 2099 1018 2159 matrimonii
1045 2100 1173 2160 uomina
1199 2101 1338 2178 capiunt,

226 2186 244 2248 2
262 2185 390 2248 totidem
406 2185 542 2246 decimas
557 2205 613 2265 pro
629 2204 758 2246 numero
775 2183 947 2246 liberorum
963 2186 1133 2265 accipiunt.
1166 2187 1241 2246 ltem
1257 2205 1343 2246 com—

263 2272 367 2334 munis
393 2271 475 2333 filius
501 2270 604 2333 liliaue
630 2280 700 2351 post
725 2273 889 2332 nominum
916 2270 1001 2333 diem
1027 2273 1160 2332 amissus
1186 2272 1342 2333 amissaue

257 2377 358 2439 ¹unam
375 2356 526 2419 decimam
544 2356 654 2418 adicit:
682 2356 744 2418 duo
759 2366 865 2418 autem
881 2367 952 2436 post
967 2359 1121 2418 nomicum
1138 2357 1220 2418 diem
1235 2359 1342 2419 amissi

225 2445 243 2504 3
263 2445 342 2507 duas
357 2444 496 2506 decimas
511 2442 663 2504 adiciunt.
688 2444 815 2504 Praeter
830 2442 985 2505 decimam
1001 2444 1094 2504 etiam
1110 2442 1341 2505 usumfructum
1360 2457 1392 2501 ao

262 2532 374 2592 tertiae
395 2531 495 2610 partis
509 2528 662 2589 bonorum
682 2527 772 2610 [eius]
798 2548 912 2609 capere
927 2538 1077 2609 possunt,
1097 2539 1127 2590 et
1150 2528 1340 2608 quandoque

225 2617 242 2676 l
262 2616 379 2678 liberos
394 2614 574 2691 habuerint,
594 2613 735 2676 eiusdem
751 2615 849 2695 partis
865 2616 1101 2695 proprietatem.
1128 2616 1190 2675 Hoc
1206 2616 1342 2695 amplius

262 2703 377 2764 mulier
390 2711 517 2782 praeter
533 2700 685 2762 decimam
701 2700 806 2761 dotem
822 2718 929 2780 capere
944 2711 1047 2781 potest
1062 2701 1194 2781 legatam
1211 2700 1284 2762 sibi.
1347 2747 1349 2751 r

359 2870 418 2952 [xri
461 2891 498 2932 nn
521 2889 619 2933 somni
642 2891 814 2933 crrrcrmrn
837 2889 924 2932 mrsu
946 2891 1036 2934 vinvn
1057 2892 1092 2933 m
1116 2872 1242 2954 moneor]

228 2993 239 3050 4
348 2990 525 3070 Aliquando
547 2993 599 3052 uir
615 3001 646 3052 et
660 3010 739 3052 uxor
754 2992 837 3052 inter
859 3010 893 3053 se
908 2992 1041 3054 solidum
1057 3011 1169 3073 capere
1188 3002 1336 3072 possunt:
1360 3006 1393 3051 so

264 3077 353 3139 uelut
378 3078 404 3138 si
431 3086 565 3157 uterque
590 3078 641 3138 uel
664 3078 814 3138 alteruter
841 3096 947 3139 eorum
968 3077 1108 3140 noudum
1135 3081 1204 3140 eius
1229 3081 1341 3140 aetatis

263 3165 342 3242 st'nt,
367 3184 387 3225 o
408 3181 471 3243 qua
493 3166 545 3224 lex
560 3162 676 3239 liberos
697 3164 809 3243 exigit,
836 3164 868 3225 id
888 3174 935 3225 est
950 3166 977 3226 si
997 3167 1049 3227 uir
1071 3167 1173 3226 minor
1187 3183 1341 3226 annorum

262 3250 345 3310 XXV
360 3250 402 3312 sit
421 3260 475 3311 aut
489 3269 569 3311 uxor
583 3268 736 3311 annorum
751 3252 805 3310 XX
829 3251 947 3311 minor:
973 3253 1048 3312 item
1071 3253 1098 3312 si
1119 3251 1248 3330 utrique
1270 3252 1340 3331 lega

242 3378 245 3384 -
264 3337 357 3416 Papia
373 3335 476 3397 linitos
497 3355 596 3398 annos
611 3338 644 3396 iu
660 3338 855 3397 matrimonio
871 3339 1083 3415 excesserint,
1107 3336 1138 3397 id
1155 3348 1203 3398 cst
1224 3337 1275 3398 uir
1290 3339 1341 3397 LX

263 3440 379 3502 annos,
403 3440 482 3483 uxor
504 3426 545 3483 L:
570 3424 646 3483 item
669 3422 695 3483 si
717 3423 838 3502 cognati
860 3424 944 3484 inter
965 3443 999 3484 se
1019 3425 1151 3485 cot'ert'nt
1173 3441 1276 3503 usqua
1300 3423 1340 3485 ad
1360 3437 1392 3482 ao

264 3521 387 3570 sextum
403 3508 552 3589 gradum:
579 3517 633 3569 aut
647 3509 674 3569 si
689 3509 741 3569 uir
755 3508 852 3587 absit,
872 3519 903 3570 et
919 3508 1020 3570 donec
1034 3507 1123 3571 abest
1136 3517 1168 3570 et
1184 3511 1267 3570 iutra
1282 3528 1340 3570 au-

333 3753 342 3797 4
366 3749 423 3799 cele
439 3749 458 3800 G
491 3745 501 3814 11
536 3750 549 3797 4
569 3749 633 3799 item
646 3762 670 3798 c.
685 3764 711 3814 q.
726 3748 869 3800 facientem
887 3752 953 3800 dolet
966 3755 991 3800 ct
1009 3740 1121 3814 corpore
1134 3765 1160 3813 q.
1175 3748 1226 3800 lac.
1242 3752 1268 3799 et
1282 3757 1342 3812 post

264 3822 278 3867 5
291 3817 393 3868 ducere
404 3818 505 3879 supplet
517 3817 666 3879 Mommsen,
686 3819 718 3881 cf.
734 3819 793 3882 Dic.
808 3823 855 3880 25,
870 3824 901 3879 2,
917 3824 959 3870 44.
974 3825 1007 3869 44
1016 3833 1059 3881 pr.
1095 3815 1106 3884 14
1142 3823 1156 3866 6
1174 3819 1280 3882 lenone]
1302 3821 1341 3869 le-

263 3900 326 3937 nam
341 3885 361 3935 G
375 3882 385 3952 14
402 3885 566 3936 adulterium
579 3886 781 3952 deprehensaC
802 3885 812 3955 44
835 3888 1006 3953 lpublicum
1019 3889 1146 3938 damnata
1161 3888 1181 3939 C
1197 3886 1207 3955 11
1224 3890 1281 3938 arte
1297 3889 1317 3938 G
1332 3885 1342 3953 14

264 3959 375 4004 Saom.
393 3954 425 4005 0⁸
452 3956 462 4014 ΙΙ
490 3955 634 4006 senatusG
661 3953 671 4021 41
701 3960 728 4005 44
745 3958 888 4009 mensesG
915 3955 925 4024 11
955 3963 985 4007 ta
1005 3955 1146 4007 mensesC
1172 3952 1183 4022 44
1213 3960 1243 4006 45
1263 3959 1342 4007 mati·

262 4026 355 4074 monio
371 4022 423 4073 0²?
457 4018 468 4089 41
502 4028 532 4073 49
552 4025 693 4075 nominum
705 4026 778 4076 diem
791 4027 929 4086 Mcrilltcs,
949 4040 1021 4076 nono
1034 4026 1114 4078 dieG
1147 4023 1158 4093 14
1193 4029 1224 4075 43
1245 4040 1340 4092 capere

264 4092 395 4155 Sohillr'np,
410 4093 497 4144 (44.0
524 4089 534 4158 11
563 4097 593 4141 27
608 4094 830 4158 suntautquaC
857 4091 867 4159 11
896 4099 927 4144 tt
942 4096 1107 4158 cogeruntQ
1128 4092 1138 4160 44
1161 4099 1188 4143 at
1207 4095 1286 4158 absit]
1302 4098 1339 4144 rei

263 4160 389 4225 publicae
403 4176 484 4212 causa
497 4161 568 4213 absit
581 4163 749 4227 Gothofrodoc
777 4160 787 4228 14
815 4163 893 4214 abest
905 4165 939 4227 et]
955 4165 1062 4215 abesset
1077 4164 1096 4215 C
