3010 4738
244 365 471 427 4554454545
624 395 712 408 -
756 362 817 424 424
859 395 945 410 ...-

205 555 225 615 2
244 551 342 615 dehet
356 560 389 613 et
402 550 551 632 dignitas.
596 551 632 612 ln
647 549 785 612 adfinem
801 551 854 613 uel
868 560 1032 632 cognatum
1055 552 1148 614 inuiti
1164 559 1261 614 testes
1276 552 1328 613 in-

205 641 223 700 3
243 639 397 719 terrogari
417 657 480 700 non
495 646 638 718 possunt.
683 635 847 699 Aduersus
861 656 896 699 se
912 638 1051 700 inuicem
1074 647 1224 719 parentes
1239 647 1271 700 et
1286 638 1327 699 li-

242 724 325 804 bori,
343 726 483 805 itemquo
498 722 606 785 liberti
622 742 682 786 nec
694 720 838 785 uolentes
853 722 893 786 ad
908 724 1122 786 testimonium
1138 722 1326 786 admittendi

243 820 335 890 sunt,
364 812 439 891 quia
460 810 507 871 rei
531 828 628 872 uerae
652 810 867 871 testimonium
893 808 1093 872 necessitudo
1119 829 1325 891 personarum

206 899 223 959 l
243 898 434 978 plerumque
449 895 632 976 corrumpit.
681 897 804 975 Testes,
829 914 900 957 cum
916 894 956 958 dc
971 894 1034 958 fido
1049 895 1230 959 tabularum
1245 897 1324 958 nihil
1343 907 1358 954 5

204 981 377 1062 5dicitur,
402 980 555 1045 aduersus
576 981 763 1060 scripturam
779 981 967 1064 interrogari
989 1001 1051 1044 non
1072 991 1217 1063 possunt.
1263 982 1323 1056 Qui

243 1067 320 1137 ialso
335 1069 389 1131 uel
409 1068 499 1130 uario
523 1067 701 1130 testimonia
722 1066 873 1130 dixerunt
895 1069 948 1130 uel
969 1070 1097 1149 utrique
1117 1069 1202 1150 parti
1216 1067 1326 1149 prodi-

242 1154 377 1234 derunt,
402 1162 458 1217 aut
486 1154 520 1215 in
543 1154 672 1215 exilium
693 1163 832 1234 aguntur
853 1155 962 1216 autin
985 1154 1120 1216 insulam
1142 1155 1326 1234 relegantur

204 1243 223 1302 6
241 1250 295 1303 aut
310 1242 397 1304 curia
412 1238 654 1303 submouentur.
692 1240 728 1301 ln
743 1258 778 1301 re
793 1240 974 1321 pecuniaria
989 1249 1155 1319 tormenta,
1175 1241 1238 1302 nisi
1253 1259 1324 1302 cum

240 1325 281 1389 de
298 1326 395 1389 rebus
410 1325 611 1388 hereditariis
627 1327 800 1407 quaeritur,
820 1345 882 1387 non
898 1324 1107 1389 adhibentur:
1126 1327 1203 1389 alias
1219 1335 1323 1389 autem
1344 1337 1378 1384 45

241 1410 449 1476 iureiurando
464 1421 518 1474 aut
533 1411 669 1474 testibus
684 1412 896 1494 explicantur.
963 1431 966 1436 ·

494 1599 552 1682 [xvi
595 1586 633 1661 oh
655 1620 805 1663 sonvoaur
827 1601 1066 1680 Qvausrrouuvs]

205 1725 217 1783 4
329 1720 463 1783 Seruum
485 1718 527 1782 de
548 1720 629 1782 facto
644 1722 727 1783 inse
743 1721 932 1801 interrogari
946 1739 1039 1801 posse
1061 1722 1141 1783 ratio
1157 1721 1324 1800 aequitatis

241 1804 396 1869 ostendit:
420 1824 479 1868 nec
501 1807 586 1868 enim
602 1805 713 1869 obesse
728 1808 758 1869 ei
773 1806 885 1885 debet,
910 1807 966 1888 qui
980 1826 1039 1888 per
1058 1825 1187 1870 seruum
1202 1804 1323 1887 aliquid

203 1893 309 1955 isine
325 1892 469 1954 cautione
491 1891 668 1955 commodat
688 1893 739 1955 uel
760 1891 901 1974 deponit.
948 1891 1049 1955 ludex
1069 1893 1214 1955 tutelaris
1230 1892 1323 1954 item·
1343 1905 1376 1951 45

241 1997 304 2059 que
325 1978 533 2058 centumuiri,
558 1979 585 2040 si
607 1980 700 2042 aliter
720 1978 760 2042 de
780 1978 876 2041 rebus
903 1977 1107 2042 hereditariis
1125 1979 1179 2041 uel
1200 1976 1322 2041 deiide

241 2066 371 2145 generis
392 2064 506 2128 instrui
528 2084 590 2127 non
606 2074 753 2148 possunt,
770 2074 919 2146 poterunt
934 2063 975 2127 dc
997 2065 1100 2128 seruis
1122 2064 1323 2127 hereditariis

203 2154 222 2213 3
240 2149 358 2213 hahere
374 2151 602 2232 quaestionem.
648 2153 741 2214 Serui
763 2153 858 2214 alieni
874 2152 907 2213 in
922 2151 1053 2213 alterius
1075 2159 1168 2232 caput
1183 2170 1247 2213 non
1261 2151 1323 2213 nisi

162 2290 165 2295 ,
240 2237 358 2317 singuli
372 2238 512 2319 torqueri
535 2247 678 2319 possunt.
724 2247 756 2300 et
770 2238 829 2301 hoc
844 2237 945 2299 inuito
961 2235 1087 2300 domino
1107 2257 1171 2299 non
1186 2245 1235 2298 cst
1249 2256 1324 2317 per-

241 2322 449 2402 mittendum,
473 2323 536 2384 nisi
559 2323 694 2404 delator,
721 2324 811 2386 cuius
832 2322 965 2386 interest
980 2323 1066 2405 quod
1088 2321 1226 2385 intendit
1249 2342 1323 2403 pro-
1341 2337 1375 2384 so

240 2409 336 2490 bare,
359 2410 463 2491 pretia
486 2428 594 2472 eorum
611 2411 721 2489 quanti
736 2409 882 2472 dominus
900 2410 1056 2472 taxauerit
1075 2408 1194 2471 inferre
1210 2409 1251 2471 sit
1265 2428 1324 2490 pa-

204 2498 221 2558 l
242 2507 339 2575 ratus,
352 2496 406 2557 uel
418 2504 505 2557 certe
516 2494 683 2558 deterioris
694 2494 767 2558 facti
779 2497 866 2558 serui
878 2494 988 2563 subire
999 2495 1202 2558 taxationem.
1225 2496 1323 2558 Seruo

242 2584 297 2662 qui
319 2581 400 2644 ultro
420 2580 542 2662 aliquid
563 2580 604 2644 de
620 2580 746 2644 domino
761 2581 943 2660 confitetur,
969 2581 1048 2644 fides
1071 2601 1133 2643 non
1149 2600 1324 2644 accommo-

242 2668 353 2730 datur:
376 2686 437 2729 nec
452 2669 536 2730 enirn
551 2677 675 2749 oportet
689 2670 723 2730 in
739 2667 835 2730 rebus
851 2667 959 2730 duhiis
974 2667 1107 2730 sulutem
1123 2666 1322 2729 dominorum

201 2755 222 2815 5
240 2773 407 2816 seruorum
421 2750 552 2816 arbitrio
567 2755 728 2816 committi.
777 2755 870 2817 Serui
891 2756 924 2816 in
940 2763 1035 2835 caput
1049 2753 1167 2817 domini
1183 2773 1289 2835 nequo
1304 2772 1323 2815 a
1340 2766 1375 2813 so

240 2838 388 2920 praeside
403 2858 509 2921 neque
524 2850 776 2921 aprocuratore‚
795 2858 901 2920 neque
917 2842 948 2901 in
971 2841 1162 2922 pecuniariis
1177 2858 1272 2920 quam
1288 2841 1322 2901 in

202 2928 222 2985 6
241 2923 429 3004 capitalibus
444 2928 547 2989 causis
569 2928 758 3006 interrogari
773 2934 914 3005 possunt.
961 2926 1142 2988 Communis
1161 2945 1274 2988 seruus
1290 2926 1322 2985 in

202 3009 334 3091 icaput
355 3011 485 3073 alterius
500 3032 541 3074 cx
555 3011 691 3074 dominis
711 3013 853 3091 torqueri
868 3031 931 3074 non
952 3020 1068 3093 potest.
1114 3013 1173 3084 Qui
1193 3030 1322 3074 seruum

242 3095 312 3157 ideo
329 3098 541 3176 comparauit,
564 3117 604 3159 ne
620 3099 651 3159 in
668 3117 703 3160 se
718 3108 937 3179 torqueretur,
956 3098 1100 3160 restituto
1115 3099 1218 3179 pretio
1233 3105 1323 3179 pote-

201 3185 221 3245 8
240 3183 282 3243 rit
298 3182 498 3263 interrogari.
523 3184 644 3246 Seruus
657 3185 690 3245 in
706 3192 802 3264 caput
816 3185 885 3246 eius
899 3182 1029 3264 domini,
1049 3203 1139 3265 aquo
1155 3183 1323 3246 distraetus
1342 3194 1375 3241 55

240 3277 287 3331 554
303 3268 417 3349 cuique
439 3270 608 3350 aliquando
628 3271 781 3350 seruiuit,
805 3272 838 3332 in
853 3271 1036 3332 memoriam
1054 3272 1171 3351 prioris
1192 3267 1321 3334 dominii

240 3437 491 3454 AAlJUVWWWVVVV

311 3530 352 3588 45,
364 3530 414 3578 aa
428 3546 460 3570 =
477 3525 617 3591 55445555,
630 3530 654 3591 e,
667 3531 717 3580 ns
748 3527 759 3592 44
790 3532 831 3590 45,
843 3531 857 3577 5
871 3548 903 3573 =
917 3521 1085 3589 5444544555
1100 3527 1160 3595 oq.
1172 3530 1214 3588 ss,
1226 3531 1251 3588 5,
1264 3531 1294 3576 45
1312 3523 1323 3593 ιι

241 3596 630 3660 45,4-ι4)45.45,45,45,4
668 3596 679 3661 tt
714 3597 1107 3662 45,4ε4)49.45,45,45,5
1136 3595 1147 3659 tt
1185 3593 1323 3657 455-54

240 3685 273 3709 =
286 3665 346 3729 4445.
362 3667 404 3727 45,
420 3668 461 3727 45,
477 3668 519 3727 45,
534 3668 600 3715 5-5

1276 3801 1322 3815 ΛΜ

310 3908 324 3955 4
343 3919 395 3958 nec
407 3908 467 3957 dett.
480 3918 539 3957 cum
554 3903 628 3968 cut,
642 3906 745 3965 nielli,
760 3919 809 3955 ora.
824 3906 844 3956 l.
878 3903 891 3969 41
926 3908 940 3955 4
958 3905 1068 3968 dicitur]
1080 3905 1192 3969 45545555
1204 3905 1323 3955 obicitur

238 3987 291 4025 cor.
322 3974 334 4038 ΙΙ
363 3978 395 4025 44
414 3974 494 4039 45545]
511 3974 645 4026 45545555
661 3974 1078 4037 cucumeomlntepretottooc
1106 3974 1117 4039 ll
1148 3978 1178 4024 44
1198 3987 1323 4024 commo·

239 4043 287 4093 dat
303 4043 348 4095 uel
365 4044 532 4104 8454554554,
553 4043 757 4095 commodatum
775 4044 873 4093 55444555
912 4044 923 4106 ΙΙ
965 4046 997 4093 tt
1015 4056 1095 4093 seruo
1113 4042 1320 4107 4544555145.

239 4124 338 4162 seruus
351 4112 399 4162 lii.
428 4112 439 4176 ΙΙ
469 4113 501 4163 ii
520 4113 681 4178 nequeth.
713 4112 724 4177 44
754 4113 782 4161 in
795 4111 878 4162 rebus
888 4111 980 4162 dubiis
989 4124 1039 4161 554.
1051 4112 1110 4176 4445.
1142 4111 1153 4176 ΙΙ
1182 4115 1215 4162 44
1234 4114 1323 4176 potest

239 4181 276 4242 M,
292 4182 384 4244 opotet
395 4181 438 4242 L2,
453 4185 559 4247 oportet
571 4179 606 4234 Lb
634 4182 646 4247 ΙΙ
674 4181 730 4247 quil
745 4182 769 4232 si
781 4181 842 4246 quis
855 4180 988 4245 8544444455
