3006 4736
572 377 658 389 --
704 345 740 404 17
787 379 870 388 --
1097 346 1157 412 vlp.
1174 350 1263 396 retr

189 535 265 614 (ipse
289 536 374 595 enim
396 541 481 594 tutor
496 534 529 593 in
550 551 617 594 rem
640 550 730 594 snam
750 541 859 593 auctor
881 533 948 594 fieri
970 553 1033 596 non
1048 539 1182 616 potest),
1207 537 1262 616 qui

184 621 358 701 praetorios
373 628 458 681 tutor
469 618 596 697 dicitur,
615 619 689 698 quia
705 638 725 679 o
738 627 884 698 praetore
895 618 986 681 urbis
1001 620 1070 682 dari
1085 623 1260 684 consueuit.

124 707 163 769 25
269 705 461 786 Pupillorum
482 706 740 784 pupillarumque
761 713 882 766 tutores
905 710 1080 786 etnegotia
1103 716 1217 788 gerunt
1232 718 1265 769 et

184 793 399 854 auctoritatem
412 793 635 871 interponunt:
655 791 825 851 mulierum
840 800 945 851 autem
960 801 1080 854 tutores
1095 794 1263 855 auctorita-

124 881 164 940 at
183 888 247 940 tem
269 877 432 939 dumtaxat
457 880 673 957 interponunt.
712 878 744 938 Si
768 876 877 956 plures
897 886 973 937 sunt
995 887 1132 958 tutores,
1156 898 1264 941 omnes
1282 893 1305 940 t*

184 966 217 1025 in
233 965 316 1025 omni
334 982 367 1025 re
383 963 501 1025 debent
515 965 729 1024 auctoritatem
750 960 984 1024 accommodare
1000 973 1126 1044 praeter
1141 984 1193 1026 eos
1208 968 1263 1045 qui

185 1057 359 1112 testamento
375 1049 440 1110 dati
456 1058 543 1111 sunt:
562 1063 635 1110 nam
652 1067 692 1109 ex
707 1048 756 1109 his
771 1048 824 1110 nel
839 1050 936 1110 unius
950 1051 1118 1111 auctoritas
1133 1048 1260 1112 suffieit.

125 1138 164 1198 27
269 1137 392 1197 Tutoris
413 1135 582 1197 auctoritas
600 1134 779 1196 necessaria
801 1143 850 1196 est
870 1133 1057 1198 mulieribus
1079 1135 1209 1216 quidem
1230 1137 1262 1196 in

184 1223 233 1283 his
249 1221 363 1283 rebus:
388 1222 414 1282 si
431 1222 500 1302 lege
522 1230 576 1282 aut
590 1221 730 1301 legitimo
754 1221 869 1283 indicio
885 1231 993 1300 agant,
1019 1222 1045 1282 si
1062 1241 1096 1283 se
1112 1220 1261 1301 obligent,

184 1309 209 1368 si
231 1308 325 1369 ciuile
340 1310 500 1387 negotium
517 1316 636 1387 gerant,
656 1310 682 1368 si
698 1304 831 1368 libertae
846 1325 921 1368 suae
940 1309 1125 1386 permittant
1140 1308 1173 1367 in
1189 1326 1264 1368 con-
1283 1321 1313 1366 ιο

182 1393 332 1456 tubernio
347 1394 443 1454 alieni
458 1393 545 1455 serni
559 1393 689 1476 morari,
702 1395 729 1454 si
745 1411 812 1453 rem
826 1394 977 1472 mancipii
990 1392 1140 1455 alienent.
1158 1393 1265 1472 pupil-

151 1490 154 1495 “
182 1482 222 1542 lis
233 1489 339 1542 autem
350 1480 409 1541 hoc
419 1481 555 1561 amplius
570 1479 664 1540 etiam
676 1480 709 1540 in
724 1497 831 1540 rerum
842 1498 901 1540 nec
912 1480 1060 1559 mancipii
1077 1479 1263 1541 alienatione

183 1568 296 1628 tutoris
311 1568 492 1627 auctoritate
507 1584 586 1646 opus
602 1574 660 1627 est.

125 1651 164 1711 28
269 1651 457 1714 Liberantur
479 1653 577 1715 tutela
598 1651 728 1713 maseuli
752 1649 883 1730 quidem
904 1650 1083 1730 pubertate.
1108 1649 1263 1730 puberem

183 1750 288 1801 antem
305 1738 443 1807 Cassiani
460 1737 589 1820 quidem
611 1757 684 1799 enm
700 1756 769 1798 esse
785 1737 906 1815 dicunt,
924 1739 980 1817 qni
995 1736 1107 1798 habitu
1122 1737 1261 1818 corporis
1281 1751 1311 1797 rt

182 1824 285 1905 pubes
300 1837 442 1905 apparet,
462 1825 495 1887 id
510 1826 628 1904 estqui
644 1843 793 1904 generare
809 1824 923 1903 possit:
950 1823 1142 1885 Proculeiani
1158 1832 1263 1885 autem

184 1931 273 1989 eum,
292 1912 347 1991 qui
364 1910 615 1991 quattuordecim
631 1928 729 1971 annos
745 1909 901 1990 expleuit:
926 1928 1037 1970 uerum
1054 1909 1177 1970 Priscus
1192 1927 1262 1970 eum

184 1996 337 2076 puberem
356 2016 443 2075 esse,
470 1999 503 2057 in
520 2015 615 2076 quem
637 2006 809 2074 utrumqne
825 1997 984 2057 concurrit
1001 2004 1032 2056 et
1052 1995 1178 2057 habitus
1193 2014 1263 2056 cor-

185 2086 270 2161 poris
291 2093 322 2143 et
344 2102 495 2144 numerus
516 2100 681 2144 annorum.
718 2080 853 2142 feminae
875 2090 980 2143 autem
1002 2081 1100 2143 tutela
1122 2080 1263 2142 liberan-

185 2179 317 2228 tur...
341 2214 348 2227 .
1281 2181 1314 2227 ce

548 2355 599 2435 [nn
638 2373 675 2415 nn
697 2354 901 2436 cvnrronuvs]

151 2478 160 2531 ι
272 2475 437 2537 Curatores
452 2485 506 2536 aut
521 2475 653 2554 legitimi
670 2485 755 2553 sunt,
774 2474 806 2536 id
822 2477 940 2555 estqui
958 2466 1080 2555 exlege
1097 2473 1261 2536 duodecim

186 2561 363 2624 tabularum
385 2561 517 2640 dantur,
536 2571 590 2622 aut
606 2562 782 2639 honorarii,
808 2561 840 2622 id
857 2571 904 2622 est
919 2562 1008 2640 quia
1028 2570 1171 2640 praetore
1186 2579 1262 2621 eon-

147 2649 165 2707 2
185 2651 370 2710 stituuntur.
402 2650 463 2708 Lex
481 2647 645 2710 duodecim
668 2646 846 2709 tabularum
861 2646 1015 2708 furiosum
1033 2648 1172 2726 itemque
1187 2644 1265 2727 pro-v

185 2735 311 2815 dignm,
337 2735 388 2796 cui
408 2734 501 2796 bonis
524 2734 728 2796 interdictum
752 2742 815 2812 est,
845 2733 877 2793 in
899 2734 1060 2794 curatione
1081 2731 1170 2794 iubet
1192 2751 1261 2794 esse
1280 2744 1336 2815 tt,

147 2821 164 2879 3
185 2832 378 2901 agnatorum.
403 2819 428 2881 Α
443 2830 588 2900 praetore
604 2821 805 2882 constituitur
820 2828 956 2896 curator,
976 2837 1071 2898 quem
1086 2820 1153 2898 ipse
1169 2838 1263 2899 prae·
1285 2826 1288 2831 '

184 2920 233 2968 tor
252 2908 405 2985 uoluerit,
436 2906 596 2969 libertinis
620 2907 762 2987 prodigis
788 2906 927 2984 itemque
954 2905 1116 2984 ingenuis,
1146 2906 1202 2985 qui
1223 2925 1264 2966 ex

184 3003 370 3056 testamento
390 2995 532 3074 parentis
559 2992 692 3054 heredes
714 2991 786 3054 iacti
807 2991 887 3052 male
911 2990 1065 3071 dissipant
1085 2990 1183 3052 bona:
1213 2993 1263 3053 his

185 3081 268 3141 enim
285 3099 325 3141 ex
338 3081 410 3159 lege
426 3089 551 3163 curator
562 3078 629 3140 dari
645 3097 708 3140 non
722 3087 855 3159 poterat,
874 3097 946 3140 cum
961 3077 1118 3157 ingenuus
1134 3076 1262 3157 quidem

185 3186 247 3227 non
269 3165 310 3228 ab
333 3168 494 3242 intestato,
519 3165 577 3227 sed
599 3184 637 3225 ex
659 3173 846 3226 testamento
868 3164 962 3225 heres
984 3161 1083 3224 iactus
1105 3164 1146 3224 sit
1165 3164 1258 3242 patri,
1280 3176 1311 3221 ao

184 3252 351 3313 libertinus
372 3261 479 3313 autem
493 3251 580 3312 nullo
596 3249 687 3311 modo
702 3252 782 3330 patri
808 3250 900 3310 heres
917 3250 987 3310 lieri
1001 3250 1116 3328 possit,
1134 3250 1189 3328 qui
1204 3269 1263 3312 nec

185 3347 307 3418 patrem
332 3335 480 3399 habuisse
507 3337 652 3414 uidetur,
682 3355 752 3397 cum
778 3336 905 3396 seruilis
932 3337 1071 3415 cognatio
1096 3335 1182 3397 nulla
1208 3337 1259 3397 sit.

148 3425 165 3483 t
185 3425 348 3485 Praeterea
370 3422 423 3484 dat
446 3432 620 3485 curatorem
647 3423 678 3483 ei
697 3422 809 3500 etiam,
838 3422 893 3502 qui
914 3440 1017 3502 nuper
1038 3420 1140 3500 pubes
1163 3420 1263 3484 iaetus

185 3510 299 3571 idonee
314 3511 438 3588 negotia
453 3516 510 3570 sua
525 3511 608 3571 tueri
623 3527 685 3569 non
701 3516 814 3587 potest.

283 3699 327 3711 ΛΛΛ
331 3698 390 3710 ΑΛΑΛ
394 3698 436 3710 ΛΜ
440 3697 483 3709 (mn
488 3698 515 3709 ΑΛ
519 3698 530 3708 Γ
535 3697 547 3708 Λ
551 3698 593 3709 ΛΛΛ
598 3696 804 3709 ι“,ΛΜΝΨΙΧΝΨΝυ
810 3692 1263 3710 ΛινκΛΛΛΛΛΛΛΛΛΛΛΛΛΛΛΛΛΛΛΜΜΝΛΝ

254 3819 476 3884 tpraetorianus
492 3817 519 3878 0,
534 3817 566 3879 cf.
585 3817 642 3867 Gai.
658 3823 682 3875 ι,
698 3810 749 3867 ιιι
772 3814 782 3884 ll
808 3815 921 3866 nontc
947 3813 958 3882 ΙΙ
985 3816 1091 3866 urbano
1104 3814 1226 3877 Settttth
1252 3810 1264 3880 ΙΙ

186 3893 200 3938 t
219 3886 411 3940 anctoritatec
432 3882 443 3953 ΙΙ
466 3891 479 3934 7
495 3889 655 3945 testamento
668 3885 798 3945 Celadus,
812 3885 909 3936 tunct'
931 3881 940 3950 ΙΙ
964 3889 977 3934 8
992 3885 1163 3935 auctoritas*
1180 3882 1255 3945 (esti)

185 3972 244 4010 nec.
262 3957 294 4009 (3⁸
319 3956 329 4024 ΙΙ
354 3961 385 4017 ιι
405 3954 577 4020 mancipiaC
602 3950 612 4021 ll
639 3959 668 4003 ta
688 3954 910 4005 auctoritatemG
934 3951 944 4019 ΙΙ
971 3957 1000 4002 tr
1019 3951 1125 4015 nerum]
1140 3953 1259 4003 ceretius

185 4027 258 4092 Hopo
283 4024 293 4093 ΙΙ
318 4026 391 4089 eum]
406 4039 469 4075 eum
484 4025 504 4075 C
519 4021 538 4091 ἸΙ
566 4027 596 4072 ι8
615 4023 682 4087 esse]
696 4036 756 4073 esse
769 4026 845 4087 putat
858 4024 952 4077 Vahlen
974 4018 985 4088 ΙΙ
1010 4025 1041 4069 2⁰
1060 4022 1213 4072 sententiam
1224 4034 1259 4071 cc

187 4096 289 4157 notor,
304 4101 352 4146 ιιι
366 4097 481 4156 coepleos,
496 4094 529 4156 cf.
543 4093 701 4155 infrotm
727 4089 737 4158 Ιι
767 4096 798 4140 ιθ
810 4093 962 4157 agniturum
978 4090 1010 4142 0³
1037 4087 1047 4156 ll
1075 4094 1107 4140 tt
1125 4090 1259 4154 ingennus

188 4165 220 4217 θ’
247 4160 258 4231 ll
287 4169 317 4214 3⁰
338 4162 454 4227 sitlsiC
483 4162 493 4229 ΙΙ
522 4167 554 4211 32
573 4159 713 4226 cognatiC
