3006 4736
240 280 466 338 muco
631 278 930 340 .-θθ-.

201 470 344 550 ignoris
365 469 417 531 uel
439 467 571 530 fiduciae
593 468 677 529 liniri
698 485 761 528 non
777 474 891 546 potest.
930 467 963 528 Si
979 466 1063 528 inter
1083 464 1273 528 creditorem
1290 476 1321 527 et

239 554 416 618 debitorem
436 554 630 631 conuenerit,
659 563 695 616 ut
718 551 863 614 fiduciam
885 552 947 613 sibi
970 551 1112 615 uendere
1129 570 1192 613 non
1214 552 1316 629 liceat,

237 660 301 704 non
316 641 458 704 soluente
478 639 620 702 debitore
636 638 774 702 creditor
788 637 977 700 denuntiare
994 640 1024 700 ei
1043 637 1237 700 sollemniter
1250 648 1321 719 pot-

237 737 333 790 estet
350 726 544 788 distrahere:
569 746 629 788 nec
645 727 732 787 enim
748 726 781 786 in
802 725 857 787 tali
873 725 1079 786 conuentione
1093 723 1226 786 fiduciae
1239 726 1319 785 actio

236 815 450 894 nascipotest.
750 892 754 907 x
1338 821 1354 867 o

592 981 638 1063 [nr
662 999 733 1042 incr
755 982 963 1063 conrssoru]

198 1106 217 1165 6
321 1105 353 1166 Si
370 1104 507 1166 creditor
521 1120 588 1163 rem
605 1100 738 1163 fiduciae
758 1099 863 1163 datam
878 1103 990 1180 uniex
1005 1100 1178 1171 heredibus
1193 1102 1246 1163 uel
1261 1120 1318 1162 ex-

235 1200 344 1253 traneo
358 1189 521 1271 legauerit,
539 1186 695 1250 aduersus
711 1206 820 1249 omnes
835 1187 971 1249 heredes
985 1189 1066 1249 actio
1082 1186 1216 1249 fiduciae
1232 1206 1318 1247 com-

197 1275 324 1358 7pctit.
365 1277 398 1337 Si
420 1272 558 1336 creditor
578 1292 644 1334 rem
668 1273 864 1335 fiduciariam
884 1272 995 1335 iecerit
1016 1273 1194 1351 meliorem,
1219 1271 1259 1333 ob
1282 1291 1316 1334 ea

234 1360 451 1442 recuperanda
470 1379 551 1441 quac
572 1360 727 1440 impendit
742 1359 859 1421 iudicio
874 1358 1008 1421 fiduciae
1023 1358 1202 1421 debitorem
1218 1358 1318 1420 habe·
1338 1372 1370 1416 to

197 1451 216 1510 8
234 1448 282 1510 bit
296 1447 478 1510 obnoxium.
517 1447 712 1508 Nouissimas
733 1445 872 1508 creditor
885 1448 1024 1526 priorem
1040 1444 1145 1506 oblata
1167 1446 1314 1525 pecunia,
1382 1486 1384 1491 -

235 1553 298 1615 quo
320 1533 475 1614 possessio
490 1534 524 1593 in
545 1552 617 1594 eum
633 1532 856 1611 transferatur,
882 1531 1043 1593 dimittere
1059 1541 1174 1612 potest.
1213 1530 1318 1592 sedet

233 1621 321 1701 prior
342 1617 480 1681 creditor
501 1616 675 1681 secundum
699 1618 904 1692 creditorem,
930 1620 958 1680 si
980 1617 1132 1695 uoluerit,
1157 1616 1316 1678 dimittere

235 1725 297 1768 non
313 1704 510 1786 prohibetur,
529 1722 719 1786 quamquam
736 1705 853 1785 ipsein
869 1707 1000 1784 pignore
1016 1706 1117 1783 potior
1133 1704 1183 1764 sit.

197 1880 215 1939 9
320 1876 441 1938 Seruus
461 1879 488 1937 si
510 1885 650 1938 mutuam
676 1877 842 1956 pecuniam
871 1886 1011 1955 tempore
1037 1876 1200 1936 seruitutis
1224 1894 1315 1936 acce·
1335 1888 1369 1932 to

234 1963 334 2044 perit,
361 1981 402 2024 ex
421 1981 456 2025 ea
473 1961 663 2042 obligatione
680 1971 750 2042 post
773 1961 1050 2023 manumissionem
1065 1962 1229 2023 conueniri
1252 1979 1314 2020 non

233 2057 345 2130 potest.

639 2221 698 2298 [xiv
741 2238 778 2279 nr
801 2217 908 2298 vernis]

198 2342 209 2401 l
318 2341 352 2403 Si
367 2349 493 2422 pactum
505 2338 627 2401 nudum
643 2338 683 2400 de
699 2337 897 2419 praestandis
907 2338 1013 2398 usuris
1026 2339 1244 2418 interpositum
1262 2339 1312 2417 sit,

233 2429 351 2490 nullius
368 2435 416 2489 est
436 2427 605 2487 momenti:
626 2445 662 2486 ex
678 2423 762 2485 nudo
786 2425 870 2485 enim
886 2432 976 2504 pacto
997 2425 1081 2485 inter
1101 2425 1189 2485 ciues
1203 2426 1316 2484 Roma·
1333 2437 1365 2482 so

196 2515 214 2576 2
233 2533 290 2575 nos
305 2513 386 2575 actio
397 2531 460 2574 non
473 2513 625 2573 nascitur.
650 2511 769 2572 Vsurac
784 2529 878 2590 supra
893 2509 1096 2571 centesimam
1112 2510 1231 2571 solutae
1247 2528 1315 2570 sor-

196 2600 214 2660 3
234 2610 297 2661 tem
321 2600 485 2676 minuunt,
513 2605 698 2676 consumpta
718 2605 802 2657 sorte
826 2596 928 2676 repeti
948 2605 1089 2677 possunt.
1133 2596 1314 2658 Traiecticia

233 2685 369 2766 pecunia
392 2692 522 2764 propter
542 2682 718 2763 periculum
741 2679 921 2760 creditoris,
939 2680 1092 2762 quamdiu
1114 2683 1242 2762 nauigat
1257 2701 1315 2743 na·

197 2771 214 2830 l
235 2770 294 2848 uis,
315 2769 452 2830 infinitas
471 2787 584 2830 usuras
607 2770 749 2848 recipere
765 2776 878 2848 potest.
918 2769 1054 2846 Vsurac,
1080 2786 1161 2847 quae
1176 2771 1314 2830 centesi-

198 2856 216 2915 t
235 2874 317 2916 mam
333 2853 507 2932 excedunt,
525 2873 584 2934 per
598 2873 737 2917 errorem
752 2854 870 2914 solutae
892 2855 993 2932 repeti
1009 2863 1151 2933 possunt.
1192 2855 1225 2915 si
1241 2856 1313 2934 quis
1333 2867 1365 2914 st

234 2942 366 3021 pignora
393 2938 548 3000 debitoris
578 2941 655 3000 citra
684 2941 900 3001 auctoritatem
931 2937 1100 3001 iudicantis
1130 2939 1309 3019 abduxerit,

183 3025 217 3086 5·
233 3026 403 3088 uiolentiae
424 3027 543 3087 crimen
562 3023 711 3087 admittit.
749 3026 801 3087 *si
820 3033 907 3086 tutor
921 3027 1107 3086 constitutus
1128 3044 1207 3105 quos
1223 3028 1315 3087 inue-

233 3112 335 3173 *nerit
349 3110 508 3173 debitores
523 3130 584 3173 non
599 3111 787 3172 conuenerit
800 3130 836 3171 ac
850 3130 909 3191 per
924 3111 982 3171 hoc
1003 3112 1107 3172 minus
1122 3109 1229 3173 idonei
1245 3112 1314 3173 elti-

233 3200 394 3275 *ciantur,
426 3197 477 3259 uel
500 3200 581 3259 intra
604 3216 660 3258 sex
683 3198 801 3278 primos
823 3215 948 3258 menses
968 3196 1143 3277 pupillares
1163 3199 1314 3278 pecunias

232 3288 315 3346 *non
340 3284 558 3361 collooauerit⁷
588 3286 656 3363 ipse
679 3286 712 3345 in
736 3282 875 3345 debitam
896 3284 1063 3364 pecuniam
1092 3286 1178 3344 etin
1199 3303 1313 3346 usuras
1333 3296 1364 3342 so

197 3371 321 3434 6*eius
345 3371 498 3451 pecuniae
522 3388 617 3451 quam
640 3389 703 3432 non
726 3368 882 3431 lenerauit
905 3371 1123 3432 conuenitur*.
1162 3372 1257 3432 Tutor
1279 3373 1311 3431 in

232 3475 347 3520 usuras
361 3475 425 3517 non
440 3458 638 3535 conuenitur,
657 3458 684 3517 si
698 3457 865 3537 pecuniam
881 3456 1069 3535 pupillarem
1086 3454 1156 3547 idco
1171 3476 1233 3517 non
1249 3457 1313 3517 col-
1409 3468 1415 3479 ’

233 3624 907 3642 ΜΛΛΜΛΛΜΜᾺΝΨΧΛΝἋΜΜΑὟΜῺἸΑΛΛΝᾺΛΝΧΙΧΛΛ
912 3626 993 3638 lxtvvvx
997 3625 1021 3637 *ss
1027 3625 1254 3647 'XIVYNIVWOENXIVUU
1265 3628 1271 3637 Ι
1283 3628 1314 3637 lxm

304 3715 345 3773 ιι,
361 3711 506 3776 μεως.
522 3715 650 3773 acum

235 3849 278 3862 :W
548 3844 1283 3862 *MWWWQQQKRAJVVWVMMMNWAAVHW
1289 3849 1310 3862 ΨΧ

303 3953 368 4016 tin]
383 3967 416 4003 cx
430 3951 550 4003 Ceionius
574 3951 585 4014 11
609 3955 639 3999 40
654 3966 724 4016 quae
738 3952 887 4012 sichardus,
903 3952 977 4016 quod
990 3955 1086 4002 codices
1110 3953 1121 4016 ΙΙ
1148 3957 1175 4002 tl
1192 3955 1311 4019 priorem

233 4023 263 4081 t,
276 4035 326 4072 orn.
341 4022 371 4072 Μ
397 4021 408 4084 [Ι
440 4020 530 4072 oblata
541 4022 658 4085 pecunia
669 4035 723 4085 quc
740 4021 867 4082 deiectos,
881 4021 998 4086 obligata
1011 4023 1127 4085 pecunia
1140 4036 1156 4072 a
1169 4036 1224 4087 quo
1236 4024 1309 4082 dett,

233 4089 378 4154 obligatam
390 4092 535 4155 pecuniam
547 4103 601 4153 quo
615 4090 663 4140 ML
687 4090 698 4153 ΙΙ
723 4072 754 4139 lb
773 4105 805 4141 ex
817 4105 865 4141 om.
882 4091 942 4140 pap
