3006 4736
485 1396 736 1501 PRAEFATIO
763 1416 969 1502 utilioris

269 1628 359 1691 Anno
384 1628 465 1688 1519
495 1628 650 1688 lohannes
673 1627 771 1689 Tilius
801 1629 902 1690 titulos
932 1646 1121 1708 excerpere
1150 1629 1272 1709 leicm'

183 1736 246 1779 uno
274 1714 380 1777 codice
410 1714 474 1776 solo
504 1732 580 1775 usus
603 1714 730 1775 Parisiis
754 1713 865 1776 edidit.
891 1715 947 1793 qui
974 1712 1074 1775 codex
1102 1725 1268 1795 postquam

183 1823 211 1864 a.
237 1801 319 1863 1576
343 1801 506 1862 aCuiacio
526 1800 653 1861 Parisiis
676 1798 781 1861 denuo
804 1802 1001 1862 examinatus
1024 1810 1082 1878 est,
1109 1802 1178 1862 eius
1201 1820 1269 1863 me-

183 1890 280 1951 moria
304 1887 417 1969 periit,
453 1886 553 1948 donec
575 1887 607 1947 F.
636 1886 668 1948 G.
696 1885 736 1947 de
760 1887 896 1968 Savigny
927 1887 1055 1948 eumin
1079 1885 1269 1948 bibliotheca

183 1976 329 2037 Vaticana
354 1972 602 2053 inuestigauit1l.
646 1981 741 2052 atquc
764 1973 913 2052 leguntur
934 1973 967 2033 in
991 1971 1099 2035 codice
1120 1974 1269 2035 Vaticano

184 2080 249 2140 reg.
278 2060 377 2137 1128,
411 2060 467 2138 qui
490 2058 613 2119 saeculo
635 2059 664 2117 X
686 2059 719 2118 in
743 2058 840 2119 Gallia
863 2067 1011 2119 exaratus
1034 2069 1098 2138 est,
1125 2060 1206 2121 tituli
1227 2078 1269 2120 cac

183 2164 310 2226 corpore
338 2146 460 2224 leicut'
481 2146 555 2222 Legi
578 2144 733 2204 Romanae
756 2144 1000 2223 Wisigothorum
1022 2143 1149 2206 adiecti.
1193 2164 1270 2226 apo-

185 2232 338 2311 graphum
367 2229 484 2290 codicis
506 2229 646 2289 Vaticani
676 2227 716 2288 ab
739 2229 873 2289 Henrico
896 2230 1004 2289 Brunn
1034 2229 1170 2292 fideliter
1193 2250 1269 2292 con·

185 2316 302 2379 fectum
325 2316 408 2396 typis
430 2313 594 2375 mandauit
616 2312 784 2376 Eduardus
806 2314 963 2394 Boecking
973 2313 1010 2395 ²).
1280 2312 1284 2319 ‘

271 2404 432 2464 Pertinere
456 2401 512 2461 hos
535 2401 642 2461 titulos
664 2399 705 2462 ad
719 2401 841 2482 leiani
866 2400 983 2463 librum
1006 2401 1199 2480 singularem
1217 2420 1269 2463 re-

183 2490 327 2571 gularum
358 2506 398 2548 ex
427 2486 597 2549 Collatione
621 2488 658 2564 6,
684 2488 703 2548 2
732 2484 784 2566 (=
805 2488 875 2567 le.
903 2490 939 2566 5,
967 2489 996 2550 6.
1024 2486 1051 2568 t)
1080 2495 1111 2548 et
1133 2486 1268 2567 Digestis

184 2574 367 2637 iustinianis
383 2574 434 2650 22,
454 2573 485 2651 5,
507 2571 545 2633 17
574 2570 626 2652 (=
640 2572 709 2651 le.
730 2574 781 2652 20,
801 2573 829 2654 6)
858 2583 989 2635 constat.
1029 2591 1139 2652 presse
1163 2581 1268 2633 autem

185 2656 332 2723 secutum
354 2677 424 2720 esse
446 2660 615 2739 leianum
646 2659 677 2719 in
700 2658 781 2720 libro
805 2659 956 2740 singulari
980 2660 1160 2738 regularum
1183 2678 1269 2719 com-

183 2747 330 2829 ponendo
353 2745 540 2807 Gaianarum
563 2745 798 2806 Institutionum
828 2744 971 2807 ordinem
1002 2743 1092 2807 docet
1117 2746 1267 2806 materiae

184 2833 225 2895 ab
247 2834 378 2914 leiano
400 2841 550 2894 tractatae
573 2829 755 2912 dispositio,
788 2832 850 2892 nisi
879 2830 964 2911 quod
992 2850 1091 2912 pauca
1114 2831 1193 2893 iuris
1216 2850 1268 2893 ca-

182 2921 249 3000 pita
277 2939 294 2981 a
326 2918 400 2979 Gaio
429 2918 655 2999 praetermissa
684 2917 822 2979 diuersis
851 2918 928 2981 locis
957 2919 1091 2981 inseruit
1102 2916 1138 2998 ³).
1186 2936 1267 2998 quae
1304 2988 1308 2995 ⁴

184 3026 257 3069 cum
280 3007 322 3067 ita
345 3005 418 3083 sint,
445 3024 486 3065 ex
501 3003 617 3065 Gaiana
641 3003 846 3084 dispositione
870 3014 953 3066 certa
977 3006 1157 3066 coniectura
1179 3004 1269 3065 colli-

182 3095 269 3172 gitur
284 3091 464 3172 regularum
479 3091 683 3170 leianarum
700 3108 763 3151 non
779 3091 880 3152 solum
896 3090 1020 3152 initium
1036 3091 1182 3170 periisse,
1209 3089 1266 3151 scd

148 3214 153 3220 ·
183 3198 219 3240 ea
242 3196 370 3258 quoque
393 3179 497 3237 omnia
517 3175 709 3254 desiderari,
736 3174 776 3236 de
801 3175 918 3256 quibus
935 3176 1031 3238 Gaius
1052 3174 1126 3238 inde
1142 3195 1160 3237 a
1175 3176 1206 3255 3,
1226 3176 1264 3236 53

185 3266 265 3345 egit:
293 3281 425 3342 eamque
444 3264 655 3324 coniecturam
677 3262 810 3341 insuper
824 3261 1009 3323 confirmant
1024 3260 1199 3341 lragmenta
1213 3263 1268 3324 Vl-

183 3352 276 3430 piana
301 3352 333 3411 in
349 3349 497 3411 Vaticano
513 3347 619 3409 codice
635 3349 749 3409 omissa
765 3357 797 3409 et
814 3367 831 3408 e
848 3348 1018 3410 Collatione
1033 3349 1210 3429 Digestisue
1227 3347 1267 3409 ad

184 3436 279 3498 finem
301 3443 425 3496 nostrae
448 3433 597 3496 editionis
617 3434 777 3512 restituta,
803 3452 884 3513 quae
905 3435 1031 3497 Gaianis
1046 3434 1076 3513 3,
1097 3435 1169 3495 221.
1191 3434 1263 3495 225.

187 3587 402 3603 ΜΝνᾺΝΝΛΛΝν
823 3587 1267 3602 mxmwzwwvvwmwmwxmmmv-Jw

253 3674 271 3739 ¹)
293 3674 423 3725 Codicem
443 3675 604 3724 Vaticanum
624 3674 743 3724 eundem
764 3687 824 3725 esse
844 3677 925 3737 atque
946 3674 1023 3724 illum
1044 3688 1098 3738 quo
1120 3672 1268 3731 'l'iliuscst

184 3747 280 3796 contra
297 3744 325 3794 C.
346 3743 377 3794 E.
398 3742 567 3794 Heimbachii
586 3743 768 3793 dubitationes
787 3743 888 3807 optime
906 3741 1027 3793 defendit
1045 3743 1102 3793 loh.
1117 3740 1219 3791 Vahlen
1238 3741 1265 3788 in

184 3812 364 3879 praelatione,
390 3826 473 3877 quam
493 3812 605 3862 editioni
627 3811 662 3862 ab
684 3814 743 3876 ipso
765 3812 874 3861 Ronnae
897 3814 963 3861 1856
985 3813 1094 3862 curatae
1115 3810 1265 3873 praemisit,

184 3896 210 3947 p·
225 3883 400 4015 Xllsqilllpiuni
418 3948 488 4000 liber
506 3950 575 4013 sing.
589 3950 752 4013 regularum.
780 3949 889 4000 Codicis
902 3950 1025 3999 Vaticani
1038 3944 1192 4009 exemplum
1205 3958 1264 3998 cur.
1295 4008 1298 4014 Ι

183 4021 234 4070 Ed.
250 4020 392 4082 Boecliing.
419 4020 524 4083 lipsiae
539 4022 613 4067 tato.

252 4086 272 4151 ³]
293 4088 331 4140 ci.
347 4087 439 4139 tabula
456 4088 650 4152 aBoeclringlo
667 4091 780 4153 quartae
793 4087 900 4151 leiani
919 4084 1031 4136 editioni
1054 4083 1137 4146 (1815)
1159 4083 1265 4137 adiecta

188 4159 222 4222 (P-
239 4161 286 4207 ⁴⁹²
300 4158 382 4222 sqq.).
1047 4243 1056 4285 ⁴
