3006 4736
679 346 956 405 ...2-

277 535 308 613 4,
324 533 406 597 4-5
420 532 624 614 respondent.
649 553 709 595 nec
720 545 824 595 tamen
837 535 870 594 in
882 535 931 595 bis
946 542 1066 595 tantum
1082 531 1187 594 labem
1203 534 1359 594 contraxit

276 619 360 681 liber
375 620 564 700 regularum,
584 619 640 681 sed
654 622 772 700 passim
788 622 870 681 intra
882 621 967 700 ipsos
979 620 1035 699 qui
1047 619 1079 679 in
1093 618 1199 680 codice
1210 619 1358 680 Vaticano

277 714 386 768 extant
406 706 513 767 titulos
535 707 714 784 argumenti
737 724 875 768 conexus
897 706 963 767 hiat
972 705 1008 787 ¹),
1035 714 1070 766 ut
1093 705 1192 786 magis
1208 715 1358 785 excerpta

278 810 317 853 ex
346 792 470 872 leiani
499 793 616 872 regulis
646 810 741 872 quam
770 794 853 873 ipsas
883 792 1007 871 regulas
1035 801 1144 853 tenere
1178 790 1355 852 uideamur.

276 877 363 958 quod
391 878 418 939 si
449 878 629 957 quaeritur,
662 897 724 958 quo
752 887 892 958 tempore
922 878 999 940 baec
1024 878 1166 957 Epitoma
1196 877 1276 938 lacta
1303 877 1354 957 sit,

277 965 411 1044 cogitare
434 981 497 1023 non
519 963 594 1024 licet
616 962 657 1025 de
680 965 726 1025 eis
749 962 955 1045 temporibus,
981 962 1099 1043 quibus
1114 963 1187 1044 Legi
1202 964 1358 1023 Romanae

278 1049 522 1129 Wisigotharum
546 1059 578 1111 et
598 1049 794 1130 appendices
817 1068 857 1111 ex
878 1050 1026 1130 genuinis
1049 1050 1127 1112 iuris
1143 1050 1271 1110 Romani
1289 1047 1358 1109 lon-

275 1135 361 1198 tibus
376 1136 559 1214 compilatae
575 1135 805 1216 accesserunt2)
834 1145 866 1197 et
888 1136 949 1197 alia
971 1134 1196 1213 additamenta,
1222 1153 1302 1215 quae
1318 1154 1359 1196 ex

275 1219 489 1282 Theodosiana
513 1220 643 1301 Codice,
668 1222 824 1301 Nouellis‚
850 1223 936 1283 Pauli
959 1222 1128 1283 sententiis
1149 1222 1249 1302 petita
1271 1231 1303 1281 et
1324 1222 1357 1280 in

274 1309 378 1388 ipsum
394 1308 484 1387 Legis
506 1317 686 1369 contextum
710 1317 837 1388 recepta
858 1317 944 1369 sunt.
980 1309 1036 1368 uix
1051 1309 1136 1369 enim
1159 1307 1211 1368 illa
1235 1307 1358 1368 saecula

273 1393 398 1455 nouicia
424 1401 478 1454 aut
499 1393 625 1454 Latinos
647 1393 800 1456 curabant
822 1403 876 1456 aut
898 1413 951 1457 eos
973 1394 1029 1474 qui
1052 1392 1272 1455 dediticiorum
1295 1411 1358 1454 nu-

215 1524 217 1527 -
275 1498 360 1540 mero
390 1488 466 1540 sunt
494 1487 548 1540 aut
575 1477 635 1540 alia
663 1499 722 1542 nec
748 1499 847 1561 pauca
869 1480 1031 1560 Epitomae
1054 1480 1220 1541 Vaticanae
1242 1480 1355 1559 capita.

274 1567 381 1644 itaque
404 1564 610 1627 consideratis
631 1575 696 1626 tam
718 1567 765 1627 eis
788 1584 869 1645 qnae
884 1566 998 1627 omissa
1013 1575 1088 1627 sunt
1103 1584 1199 1645 quam
1214 1565 1261 1626 eis
1276 1583 1357 1644 qnae

274 1661 495 1713 remanserunt
510 1652 679 1713 llommsen
690 1652 710 1731 3)
739 1650 946 1732 probabiliter
965 1652 1098 1712 coniecit
1113 1652 1279 1731 Epitomen
1295 1668 1356 1710 non

275 1737 373 1800 multo
385 1747 495 1817 posta.
510 1737 571 1800 320
590 1735 675 1819 (Cod,
691 1737 807 1799 Theod.
822 1739 852 1815 8,
870 1739 921 1817 46,
938 1736 965 1818 4)
986 1738 1167 1798 eoconsilio
1184 1735 1356 1798 confectam

275 1841 355 1903 esse,
382 1833 416 1884 ut
439 1842 475 1884 ea
497 1824 561 1885 sola
585 1833 843 1904 excerperentur,
870 1842 950 1903 quae
973 1826 1046 1885 usui
1063 1821 1181 1885 forensi
1198 1823 1355 1884 inseruire

274 1926 366 1988 posse
384 1908 585 1987 uiderentur,
611 1911 833 1971 omitterentur
846 1918 951 1970 antem
968 1908 1142 1971 diuisiones
1157 1910 1251 1988 iuris,
1277 1927 1357 1989 quas

274 2004 310 2055 ut
331 1994 417 2075 apud
440 1994 551 2057 Gaium
575 1997 617 2057 ita
640 1997 672 2057 in
695 1997 823 2076 Regulis
846 1995 920 2056 olim
943 1997 1081 2057 extitisse
1103 1994 1355 2076 14344445

274 2080 455 2161 ostendunt,
482 2099 585 2161 neque
601 2083 706 2143 minus
722 2100 759 2143 ea
774 2100 855 2161 quae
871 2082 903 2141 iu
921 2081 1162 2144 desuetudinem
1178 2082 1353 2142 uenissent.

359 2168 553 2248 Epitomator
575 2167 607 2230 id
629 2188 729 2230 unum
751 2168 882 2231 uidetur
903 2168 1077 2249 egisseput
1093 2186 1173 2248 opus
1187 2167 1356 2247 leianum

274 2253 308 2312 in
330 2251 463 2315 breuius
485 2254 663 2335 redigeret:
690 2275 763 2316 narn
786 2254 871 2335 quod
888 2256 1066 2316 Lachmann
1082 2253 1123 2315 ad
1139 2255 1191 2334 46,
1213 2254 1223 2312 4
1245 2271 1356 2315 uocem

247 2359 248 2362 ¹
273 2340 493 2420 postillatorem
523 2342 555 2401 in
579 2341 749 2403 Collatione
778 2340 926 2403 traditam
956 2340 997 2402 ab
1025 2341 1228 2420 epitomatore
1251 2341 1283 2399 in
1307 2339 1357 2399 in-

272 2443 438 2506 pancorum
466 2436 617 2488 mutatam
641 2445 710 2488 esse
732 2429 872 2503 censuit,
907 2429 997 2507 quasi
1020 2427 1170 2506 leianus
1193 2426 1277 2486 illam
1300 2444 1356 2486 eo-

273 2510 346 2572 dem
374 2532 472 2575 sensu
503 2523 597 2593 atque
626 2512 707 2573 banc
736 2531 892 2593 usurpare
920 2515 1092 2592 potuisset,
1127 2511 1160 2572 id
1187 2512 1263 2572 mibi
1292 2530 1356 2571 non

272 2600 440 2676 persuasit.
489 2617 525 2659 ea
553 2609 677 2677 autem,
712 2618 792 2680 quae
823 2618 856 2660 re
887 2616 962 2660 uera
987 2600 1019 2659 in
1042 2599 1186 2678 Epitoma
1208 2598 1356 2660 Vaticana

274 2693 391 2745 mutata
413 2694 497 2762 sunt,
524 2704 586 2745 non
609 2686 824 2765 epitomatoris
846 2702 973 2745 manum
996 2683 1147 2764 produnt,
1177 2683 1234 2745 sed
1255 2683 1356 2745 libra-

274 2769 394 2831 riorum
423 2771 642 2850 neglegentiae
673 2772 726 2833 uel
757 2769 922 2832 fraudibus
949 2778 1077 2850 accepto
1104 2768 1235 2831 ferenda
1261 2779 1351 2831 sunt:

273 2855 424 2916 nonnulla
453 2875 529 2917 sane
559 2856 673 2919 menda
702 2854 777 2919 inde
806 2865 873 2917 orta
903 2865 993 2933 sunt,
1026 2854 1111 2935 quod
1140 2865 1231 2917 notae
1262 2857 1351 2935 iuris,

274 2939 392 3020 quibus
413 2944 464 3002 usi
487 2951 562 3004 sunt
584 2941 708 3003 librarii
730 2943 784 3004 uel
806 2943 906 3022 ipsius
928 2941 1089 3023 archetypi
1112 2942 1166 3004 uel
1187 2943 1283 3004 unius
1308 2943 1356 3003 al-

273 3027 415 3089 teriusue
438 3046 478 3089 ex
498 3029 547 3089 eis
569 3028 724 3109 exemplis
746 3046 827 3108 quae
851 3046 890 3089 ex
912 3028 971 3088 hoc
992 3027 1135 3090 deriuata
1154 3038 1239 3106 sunt,
1265 3047 1358 3108 apo-

273 3113 414 3175 sterioris
436 3116 586 3195 temporis
608 3114 747 3176 librariis
768 3123 824 3176 aut
846 3115 926 3175 male
949 3115 1121 3194 explicatae
1131 3114 1151 3196 ⁴)
1184 3124 1237 3176 aut
1260 3116 1356 3177 omis·

271 3319 991 3333 emt*tvvmrxtxtvxtxtvxsxmmvvxrdevmnsxmuuus-stne·rmsummm
1004 3322 1149 3334 irvmnlxtwuw
1161 3322 1262 3334 vumexsm
1273 3323 1342 3335 mmm

340 3472 360 3536 ¹)
381 3475 411 3524 In
429 3474 506 3525 hisce
518 3474 638 3525 hiatibus
650 3473 809 3538 detegendis
821 3477 883 3539 post
896 3474 1049 3540 Boeekingii
1062 3480 1088 3526 et
1101 3477 1261 3527 Mommseni
1273 3490 1357 3528 curas

269 3542 507 3606 diligentissimam
519 3557 629 3608 operam
642 3543 789 3594 collocauit
801 3544 904 3595 Vahlen
916 3547 945 3595 in
958 3544 1077 3595 editione
1092 3558 1173 3610 supra
1186 3545 1301 3596 laudata.

339 3609 358 3675 ²)
381 3610 419 3662 Cl.
434 3613 488 3662 Lex
501 3614 621 3663 Romana
633 3613 729 3676 Wisig.
743 3612 787 3662 ed.
802 3613 902 3663 Haenel
915 3628 942 3678 p.
957 3616 1103 3663 444-454.

339 3677 358 3741 ⁸)
378 3680 486 3746 leiani
498 3680 647 3745 fragmenta
660 3681 703 3731 ed.
718 3681 863 3746 Boecking.
892 3686 967 3732 4854.
993 3696 1021 3747 p.
1038 3687 1083 3731 444
1099 3698 1158 3749 sqq.

339 3747 359 3812 4)
381 3750 420 3800 lta
439 3752 595 3800 constanter
611 3749 741 3801 scribitur
752 3752 794 3800 tus
809 3752 947 3812 Quiritium
958 3766 1009 3817 pro
1021 3754 1079 3802 lare
1094 3754 1232 3814 Quiritium
1244 3756 1270 3803 et
1281 3755 1355 3803 aecta

269 3833 321 3885 pro
333 3820 406 3869 Aelio
417 3818 523 3869 Sentio:
542 3821 681 3883 praeterea
694 3819 728 3870 cl.
744 3823 768 3879 6,
782 3824 806 3869 4.
818 3823 849 3868 44
864 3823 1009 3881 (inritatae
1020 3834 1070 3885 pro
1082 3824 1154 3881 item)
1169 3825 1193 3883 6,
1209 3826 1223 3870 t
1237 3825 1276 3883 (re
1286 3835 1354 3873 aero

271 3901 321 3953 pro
333 3891 373 3938 ret
384 3889 506 3947 uxoriae)
520 3891 544 3949 7,
561 3890 574 3937 4
588 3890 731 3952 (ecbatanis
743 3902 793 3954 pro
806 3890 959 3940 condicionis
971 3893 998 3940 et
1010 3893 1103 3940 ciuitas
1114 3892 1240 3941 reddatur
1252 3904 1302 3955 pro
1314 3894 1354 3940 ci-

270 3959 340 4007 uitas
353 3957 468 4006 Romano
479 3958 570 4018 datar)
589 3961 613 4017 8,
628 3962 653 4006 t.
673 3961 716 4019 44,
732 3961 764 4006 34
783 3959 857 4019 (data
876 3962 902 4009 st
919 3961 1017 4009 dantur
1030 3972 1081 4022 pro
1094 3961 1242 4019 dmntecet)
1263 3964 1304 4020 44,
1320 3962 1351 4009 45

272 4028 344 4086 (tunc
354 4037 404 4089 pro
417 4027 578 4088 coalescente)
592 4030 633 4089 4ο,
649 4029 690 4080 ts.
711 4028 753 4086 44,
769 4030 800 4075 48
815 4030 986 4088 (praetoriani
997 4042 1047 4092 pro
1058 4030 1148 4089 populi
1162 4028 1288 4087 Romani).
1315 4030 1354 4079 si-

270 4092 329 4142 mili
342 4094 428 4143 errori
440 4092 590 4156 tribuerim,
611 4096 686 4160 quod
697 4095 742 4146 bis
757 4095 807 4159 444,
824 4098 865 4175 tt.
885 4100 927 4156 48,
944 4098 967 4160 i)
982 4109 1033 4161 pro
1045 4098 1185 4146 abacelam
1197 4097 1295 4160 legitor
1307 4099 1354 4147 ad·

270 4175 372 4212 waes.
833 4210 835 4213 .
