3010 4738
588 403 673 416 --
719 370 778 433 163
824 404 909 416 ---
1107 373 1145 422 De
1158 373 1216 421 iure
1228 368 1292 442 fisci

253 566 404 622 columnae
426 570 547 634 quartae
570 567 650 621 initio
672 564 822 636 leguntur,
857 564 986 620 eiusdem
1015 571 1111 622 tamen
1134 564 1245 637 periodi

253 667 317 707 esse
331 650 495 706 uideantur.
1173 658 1175 663 ’

340 736 487 810 Scriptura
512 736 619 793 codicis
645 736 706 793 lere
732 735 769 792 ad
790 736 904 792 v-Vll
933 737 1082 793 saeculum
1108 738 1242 807 pertinet.

253 824 405 893 imaginem
421 822 555 879 loliorum
570 820 687 878 exhibet
702 822 789 878 editio
805 837 878 893 mea,
898 825 944 878 cui
959 823 1058 879 titulus
1074 829 1132 878 est:
1157 824 1247 893 Frag-

255 916 381 965 mentum
397 908 433 964 de
449 911 511 964 iure
527 907 589 963 fisci
605 908 651 964 ed.
671 909 702 963 P.
721 909 861 979 lirueger.
887 909 998 980 Lipsiae
1019 912 1111 966 4868.

657 1126 811 1189 FOLIVM
829 1128 850 1187 I

176 1249 188 1306 4
214 1250 363 1330 14444444
384 1265 497 1327 capere
520 1262 645 1325 possae.
683 1245 800 1309 Herodi
821 1246 891 1308 eius
911 1248 966 1327 qui
989 1264 1102 1327 capere
1124 1263 1187 1307 non
1201 1254 1293 1327 pote·

213 1343 261 1395 rat
276 1331 439 1395 deferendi
455 1340 594 1413 potestas
609 1351 756 1394 concessa
771 1352 830 1394 non
847 1343 911 1412 est,
935 1334 998 1394 nisi
1013 1334 1043 1394 44
1055 1330 1179 1394 ostendi
1194 1334 1293 1413 possit

212 1420 281 1482 eius
307 1420 474 1482 uoluntatis
500 1415 675 1481 decessisse
701 1416 896 1499 defunctum,
925 1428 960 1481 ut
985 1418 1110 1481 deferre
1133 1437 1167 1480 se
1189 1419 1290 1481 uellet.

173 1509 194 1566 4
212 1512 389 1586 Antequam
405 1505 478 1585 quis
493 1504 534 1567 ab
548 1505 608 1566 alic
624 1503 795 1584 deferatur,
815 1506 883 1586 ipse
898 1525 932 1568 se
947 1504 1072 1567 deferre
1084 1503 1197 1567 debet:
1216 1505 1294 1567 alias

213 1611 282 1655 sero
297 1591 338 1654 ad
351 1590 504 1654 auxilium
519 1590 685 1673 delationis
700 1590 848 1671 confugit.
888 1590 974 1672 quod
988 1592 1016 1654 si
1030 1610 1090 1672 per
1104 1610 1243 1658 errorem
1259 1609 1293 1652 se
1312 1601 1327 1647 4

175 1680 193 1738 3
213 1678 374 1756 detulerit,
393 1677 473 1739 nihil
488 1678 517 1738 ei
532 1675 630 1739 officit
645 1677 874 1739 inconsiderata
891 1677 1066 1759 diligentia.
1102 1677 1153 1740 Ius
1168 1687 1295 1759 patrum

213 1784 276 1826 nou
292 1764 463 1843 minuitur,
481 1763 508 1825 si
524 1781 557 1824 se
574 1765 601 1824 is
616 1762 755 1842 deferat,
781 1765 837 1844 qui
852 1763 985 1826 solidum
1000 1763 1034 1825 id
1050 1761 1136 1844 quod
1150 1763 1294 1826 relictum

215 1860 263 1913 est
277 1869 392 1931 capere
407 1869 471 1911 non
485 1858 600 1929 potest.
626 1869 702 1911 sanc
718 1852 746 1911 si
759 1860 831 1930 post
845 1849 930 1913 diem
946 1850 1179 1912 centensimum
1190 1858 1296 1931 patres

178 1938 195 1995 l
215 1936 368 1998 caducum
383 1934 559 2013 uindicent,
585 1937 712 1995 omuino
727 1936 800 1996 fisco
815 1937 901 1997 locus
916 1954 979 1997 non
995 1944 1053 1997 est.
1096 1938 1130 1999 Si
1146 1954 1180 1997 se
1196 1937 1223 1997 is
1238 1935 1296 1998 de·

369 2054 375 2068 .
444 2055 450 2069 .
586 2022 722 2081 perierunt
732 2020 788 2082 sere
798 2024 817 2070 5
827 2022 952 2071 uersiculi
1244 2057 1251 2072 .

163 2058 198 2117 la
215 2054 307 2132 ierat,
326 2073 378 2114 cui
392 2052 458 2139 44441
514 2074 517 2087 ’
1080 2056 1149 2138 lits*
1165 2054 1295 2118 consid*
1316 2067 1346 2110 to

372 2135 434 2222 144
450 2148 591 2201 ceterum
623 2185 634 2197 ,
762 2138 852 2222 itam
867 2159 1033 2221 personam
1205 2138 1296 2225 1-

215 2244 426 2307 ——gu
589 2223 593 2305 1
618 2247 722 2282 *asa*
745 2227 814 2288 eius
837 2227 883 2288 rei
1062 2223 1066 2310 1
1090 2249 1173 2283 *ss*
1196 2228 1298 2288 nister

70 2380 74 2396 ,
216 2333 292 2376 uero
308 2308 432 2396 f*-‘l
451 2334 469 2368 4
493 2310 704 2393 quadruplum
720 2335 759 2368 a*
777 2312 781 2395 1
800 2335 818 2369 n
834 2331 948 2375 nomen
968 2314 1060 2393 sequi
1076 2311 1177 2373 fissa*
1195 2310 1199 2396 1
1218 2320 1294 2373 stet.

159 2404 162 2417 “
179 2401 197 2460 5
217 2402 300 2462 Bona
322 2417 430 2461 ectum
451 2398 507 2478 qui
529 2416 600 2458 cum
622 2398 696 2461 fisco
711 2399 901 2461 contrahunt
915 2422 955 2456 *a
974 2396 977 2482 1
995 2418 1033 2461 *e
1048 2399 1196 2460 uacuaria
1210 2397 1298 2461 uelut

214 2486 355 2569 pignoris
369 2487 440 2547 iure
456 2483 529 2545 fisco
544 2482 729 2565 obliquatur,
748 2503 811 2546 uon
827 2485 927 2547 solum
943 2505 979 2548 ea
995 2504 1076 2565 quoe
1091 2484 1218 2563 habent,
1241 2481 1298 2545 sed
1317 2494 1348 2539 45

180 2575 198 2632 6
219 2581 245 2634 44
261 2592 297 2634 ea
313 2590 395 2651 quae
410 2579 520 2651 postea
535 2568 674 2631 habituri
690 2580 774 2632 sunt.
807 2570 917 2634 Edicto
932 2570 1000 2634 diui
1016 2571 1141 2632 Traiani
1157 2576 1294 2643 cauetur,

219 2678 259 2720 ne
282 2659 337 2739 qui
359 2656 602 2738 prouincialium
626 2674 696 2717 eum
715 2657 820 2718 seruis
840 2657 999 2719 fiscalibus
1026 2657 1212 2719 contrahunt
1235 2655 1298 2715 nisi

173 2738 182 2756 ⁶
219 2743 403 2824 adsignante
423 2752 642 2822 procuratore:
669 2742 755 2823 quod
777 2742 893 2805 lactum
914 2743 1003 2826 dupli
1025 2742 1139 2804 damno
1153 2741 1207 2804 uel
1222 2742 1301 2802 reli·

219 2848 353 2910 quorum
370 2829 569 2890 eoesolutione
584 2839 742 2908 pensatur.
775 2838 807 2890 et
829 2829 900 2892 ideo
921 2832 977 2911 qui
999 2848 1069 2893 oum
1083 2825 1094 2914 11

265 2918 402 2977 perierunt
412 2915 497 2977 14445
507 2915 631 2964 uersiculi
952 2969 956 2978 ¹

838 2946 998 3032 1--
1011 2969 1065 3010 um
1079 2971 1120 3006 a*
1137 2946 1142 3034 1
1158 2968 1300 3012 —cus
1319 2957 1350 3002 2⁰

221 3032 358 3120 44444441
529 3042 637 3096 contra
659 3053 835 3114 amotoque
855 3031 1300 3120 l-—saam-—l—-o

220 3118 506 3201 contrax--l—i
522 3140 583 3182 uon
599 3122 633 3181 iu
646 3115 760 3203 cu-l
776 3140 838 3182 *u*
850 3128 957 3182 tomen
969 3140 1076 3182 corum
1092 3144 1132 3178 e*
1148 3116 1154 3204 1
1173 3143 1212 3178 a*
1225 3139 1301 3183 uere

221 3313 270 3325 ΑΜ
274 3310 580 3325 υιΛΛΛΛΛΛΛΛΛᾺΛΛΛΛΛΛΛᾺ
585 3310 611 3323 ΑΙ
615 3309 676 3324 NVV*
682 3310 691 3319 s*
696 3310 708 3322 r*
712 3309 948 3324 WAAAWWVVVVX

291 3430 598 3494 444444444444441444
619 3430 657 3480 0?
697 3428 708 3492 11
749 3431 807 3479 eius
825 3430 870 3493 qui
888 3430 925 3480 444
945 3429 977 3481 0²
1017 3429 1028 3493 11
1070 3433 1157 3479 anon
1177 3428 1301 3492 Samoou,

221 3499 309 3550 omo
354 3499 366 3562 11
414 3498 604 3549 edelunctum
626 3498 762 3558 Goeoctm,
783 3498 886 3548 desua*
903 3500 946 3548 uel
963 3497 1120 3549 (44444440
1164 3496 1175 3560 ll
1222 3495 1304 3546 uellet

222 3567 349 3628 Huschke,
363 3568 452 3619 u-G
480 3568 491 3631 11
520 3565 874 3618 tderierredebetalialias
890 3567 922 3618 C·
949 3566 961 3630 11
990 3565 1193 3628 tconiungitC
1215 3565 1227 3628 11
1255 3578 1304 3629 per

222 3635 409 3688 cremoremc
443 3636 455 3698 11
490 3634 601 3686 eliscus
616 3634 649 3686 C·
682 3634 694 3699 11
731 3639 761 3684 44
781 3637 826 3685 cui
838 3637 951 3686 tacitum
963 3634 1205 3686 fideicommissum
1217 3635 1302 3696 suppl.

226 3706 354 3757 Goeccteu
378 3703 389 3767 ΙΙ
419 3704 556 3768 *salome
571 3703 818 3766 (ueteuetcuete)
837 3704 876 3756 G?
904 3706 921 3768 11,
947 3701 1305 3754 taminisuruerolraudis

223 3779 330 3837 temptat
342 3774 483 3824 Mommsen
522 3773 534 3836 1
575 3776 606 3822 la
626 3773 734 3837 nomen]
755 3777 828 3824 nom.
852 3773 877 3835 14.
892 3789 915 3824 4.
930 3787 1029 3824 nomen
1047 3774 1089 3822 uel
1106 3772 1224 3834 nomine}
1249 3771 1268 3823 C
1295 3768 1305 3836 ΙΙ

225 3847 255 3894 44
269 3845 327 3907 lege
338 3842 512 3894 uicesimaria
528 3842 585 3904 (pro
596 3842 733 3904 uacuaria)
748 3843 876 3906 Boecltiop
898 3842 910 3907 11
941 3845 971 3891 44
985 3843 1106 3908 pignoris
1118 3845 1143 3893 44
1153 3839 1307 3904 obligantur

223 3915 336 3963 restituit
353 3913 428 3963 444444
456 3911 467 3974 11
496 3909 578 3961 habet
592 3910 625 3961 C·
655 3909 667 3973 11
703 3914 734 3959 44
748 3911 910 3969 4444444444,
925 3911 1012 3963 canc
1040 3910 1051 3975 11
1080 3910 1305 3976 quueposteaots

227 3980 260 4031 0²
299 3980 311 4045 11
353 3984 384 4030 to
402 3979 513 4044 iactum]
532 3982 569 4029 444
580 3981 623 4029 ccl
634 3978 736 4030 iactum
748 3995 765 4027 4
779 3979 799 4030 C
807 3997 814 4030 .·
831 3980 943 4042 sortasse
960 3980 1034 4043 quod
1047 3978 1253 4030 contrafactum
1266 3980 1307 4028 est

224 4062 276 4098 scr.
293 4049 428 4109 (similiter
440 4047 563 4112 1444444441
596 4047 608 4111 11
638 4051 669 4098 49
689 4049 856 4100 exsolutione
868 4049 1026 4108 Lachmann,
1040 4050 1099 4100 eius
1112 4048 1245 4100 solutione
1261 4047 1281 4098 C
1294 4043 1305 4114 11

222 4130 273 4178 pro
284 4121 414 4182 pensatur
426 4121 474 4180 (sic
489 4118 629 4178 Goesclen)
646 4121 731 4179 possis
743 4120 820 4167 etium
830 4115 954 4181 pulsatur
964 4119 1101 4169 restituere
1140 4117 1152 4183 11
1193 4120 1221 4166 44
1244 4116 1308 4167 ido·

226 4186 303 4235 nes?
331 4186 343 4249 11
373 4189 405 4235 44
424 4186 546 4250 contras]
565 4189 705 4238 contraax
720 4186 752 4237 0⁸
781 4186 792 4250 11
821 4185 930 4249 seuere]
945 4188 1067 4238 cauere?

1047 4271 1102 4322 tl*
