3006 4736
236 306 292 372 le.
309 309 335 355 44
629 337 712 350 .....
759 305 796 365 16
840 336 926 349 ...-

178 494 215 555 44
320 496 519 556 Testamenta
533 509 661 572 quoque
676 493 862 554 nominatim
877 501 998 555 tutores
1013 489 1080 553 dati
1095 491 1321 553 confirmentur

235 580 347 644 eadem
369 580 437 660 lege
458 577 624 640 duodecim
646 578 843 656 tabularum,
876 580 927 640 his
949 577 1074 640 uerbis:
1109 597 1157 639 vm
1183 595 1320 638 noeissm

237 686 325 728 svrnn
345 683 470 727 rnovrus
488 683 634 726 rvrniivn
649 684 717 726 svin
733 684 790 744 rm,
817 684 865 726 mi
880 683 926 725 ivs
940 682 1030 725 nsro:
1056 665 1112 743 qui
1127 673 1247 726 tutores
1262 663 1320 725 da-

179 752 216 812 45
236 754 290 815 tici
304 751 512 833 appellantur.
549 751 622 812 Dari
638 759 825 813 testamento
840 760 961 812 tutores
983 758 1116 830 possunt
1137 748 1246 811 liberis
1263 749 1317 829 qui

179 839 267 901 lein
283 846 438 920 potestate
453 846 539 899 sunt.
578 838 776 898 Testamento
791 845 912 899 tutores
927 835 997 898 dari
1018 847 1152 914 possunt
1173 837 1221 913 hi,
1247 854 1319 898 cum
1338 847 1352 891 s

236 924 354 1006 quibus
372 923 553 985 testamenti
576 921 715 985 faciendi
739 924 788 984 ius
808 931 874 1000 est,
898 932 1026 1003 praeter
1047 923 1191 984 Latinum
1213 922 1320 984 lunia-

216 1002 330 1074 ‘numz
357 1029 430 1071 nam
446 1011 575 1071 Latinus
590 1007 687 1070 habet
702 1007 832 1088 quidem
853 1010 1033 1071 testamenti
1056 1007 1237 1086 factionem,
1261 1008 1320 1070 sed

179 1095 217 1158 47
236 1107 340 1160 temen
355 1106 439 1158 tutor
454 1095 521 1158 deri
536 1114 599 1156 non
615 1102 737 1174 potest:
764 1093 796 1156 id
816 1095 901 1156 enim
917 1096 970 1156 lex
985 1095 1074 1156 lunia
1090 1094 1246 1175 prohibet.
1286 1094 1319 1156 Si

236 1185 337 1264 eapite
361 1181 546 1244 deminutus
567 1179 664 1242 luerit
684 1190 769 1241 tutor
783 1191 972 1243 testamento
988 1179 1098 1256 datus,
1123 1199 1186 1242 non
1207 1180 1321 1242 omittit

235 1271 384 1332 tutelam:
410 1266 469 1330 sed
484 1269 511 1328 si
525 1265 722 1329 abdicauerit
737 1286 772 1328 se
786 1269 895 1345 tutela,
914 1266 1033 1329 desinit
1047 1286 1118 1351 esse
1134 1276 1235 1328 tutor:
1261 1265 1320 1328 ab-
1339 1276 1371 1322 lt

235 1356 340 1418 dicare
356 1363 462 1416 autem
478 1362 526 1413 est
541 1352 649 1415 dicere
664 1354 748 1414 nolle
763 1372 798 1415 se
813 1362 948 1415 tutorem
964 1372 1045 1415 esse.
1071 1355 1105 1414 in
1121 1354 1190 1414 iure
1205 1351 1320 1414 cedere

235 1451 341 1504 autem
356 1439 486 1502 tutelam
500 1447 687 1501 testamento
703 1438 797 1502 datus
812 1458 876 1501 non
893 1447 1011 1519 potest:
1031 1456 1103 1501 nam
1116 1450 1147 1500 et
1159 1433 1320 1519 legitimus

237 1529 268 1590 in
285 1530 355 1588 iure
372 1524 488 1587 cedere
501 1533 616 1603 potest,
635 1524 784 1587 abdicare
800 1545 834 1587 se
849 1544 913 1587 non
928 1537 1043 1604 potest.

178 1614 217 1672 48
322 1616 385 1673 Lex
406 1610 502 1672 Atilia
529 1611 618 1673 iubet
648 1610 836 1672 mulieribus
857 1612 1026 1692 pupillisue
1046 1631 1109 1672 non
1129 1609 1320 1672 habentibus
1438 1684 1441 1691 Δ

236 1708 356 1761 tutores
378 1696 447 1759 dari
470 1717 489 1758 a
509 1706 655 1781 praetore
675 1698 846 1759 etmaiore
869 1706 958 1778 perte
978 1697 1176 1759 tribunorum
1201 1695 1317 1777 plebis,
1341 1707 1373 1753 45

236 1803 315 1865 quos
329 1793 449 1846 tutores
464 1782 617 1844 Atilianos
633 1783 839 1864 appellamus.
869 1783 925 1846 sed
940 1784 1016 1863 quia
1030 1785 1081 1845 lex
1096 1782 1189 1845 Atilia
1205 1783 1319 1844 Romae

236 1879 357 1932 tantum
374 1870 476 1931 locum
492 1870 598 1948 habet,
617 1870 686 1949 lege
703 1869 778 1930 lulia
795 1880 826 1931 et
841 1871 919 1931 Titia
934 1879 1136 1950 prospectum
1152 1878 1217 1946 est,
1236 1871 1320 1931 utin

175 1978 176 1981 ¹
236 1957 408 2036 prouinciis
429 1973 555 2035 quoque
578 1956 725 2017 similiter
745 1975 763 2017 a
787 1954 990 2036 praesidibus
1011 1975 1118 2018 earum
1135 1955 1254 2016 dentur
1267 1964 1322 2017 tu-

180 2040 217 2100 49
236 2051 331 2103 tores.
371 2044 435 2103 Lex
450 2043 539 2102 lunia
559 2051 694 2103 tutorem
716 2043 785 2103 lieri
808 2040 897 2103 iubet
919 2043 1045 2103 Latinae
1067 2042 1119 2104 uel
1141 2042 1244 2102 Latini
1262 2041 1322 2101 im·

236 2127 369 2208 puberis
384 2148 469 2206 eum,
493 2129 584 2189 cuius
607 2129 700 2190 etiam
720 2138 793 2189 ante
809 2129 1086 2190 manumissionem
1102 2147 1144 2189 coc
1159 2129 1229 2188 iure
1244 2128 1322 2200 Qui·
1341 2138 1372 2184 so

178 2212 218 2273 20
236 2216 345 2276 ritium
362 2213 433 2276 tuit.
471 2214 520 2276 Ex
541 2214 610 2294 lege
627 2215 704 2275 lulia
724 2213 764 2276 de
780 2214 967 2276 maritandis
982 2213 1148 2276 ordinibus
1164 2223 1249 2274 tutor
1264 2213 1322 2274 da-

237 2311 289 2363 tur
310 2319 328 2362 a
349 2310 495 2378 praetore
516 2299 607 2362 urbis
623 2302 653 2362 ei
669 2302 795 2362 mulieri
810 2302 986 2381 uirginiue,
1013 2320 1106 2381 quam
1124 2319 1165 2360 ex
1180 2299 1238 2360 hac
1253 2301 1322 2380 ipsa

236 2389 305 2468 lege
321 2386 600 2468 nubereoportet,
621 2386 661 2448 ad
678 2385 784 2447 dotem
798 2385 934 2449 dandam
950 2385 1118 2448 dicendam
1132 2386 1322 2466 promitten-

237 2473 361 2552 damue,
388 2475 415 2535 si
437 2474 615 2553 legitimum
636 2481 774 2533 tutorem
796 2474 953 2553 pupillum
976 2471 1101 2534 habeat.
1141 2471 1198 2533 sed
1213 2481 1321 2552 postea

237 2570 367 2622 senatus
389 2559 529 2638 censuit,
562 2567 599 2619 ut
621 2559 714 2620 etiam
735 2559 768 2619 in
790 2559 964 2638 prouinciis
985 2577 1112 2638 quoque
1137 2558 1283 2620 similiter
1303 2576 1321 2618 a
1341 2568 1373 2614 se

179 2644 213 2706 24
236 2645 438 2726 praesidibus
453 2663 562 2706 earum
578 2663 618 2706 ex
634 2643 744 2706 eadem
760 2662 854 2706 causa
869 2653 989 2706 tutores
1004 2642 1131 2706 dentur.
1157 2646 1321 2705 Praeterea

164 2751 166 2756 ·
237 2732 329 2793 etiam
353 2732 386 2791 in
409 2731 510 2793 locum
533 2731 613 2792 muti
636 2728 788 2792 furiosiue
811 2731 923 2792 tutoris
945 2732 1079 2791 alterum
1096 2728 1237 2792 dandum
1252 2748 1321 2791 esse

178 2815 219 2877 22
238 2825 373 2877 tutorem
394 2816 435 2878 ad
456 2816 561 2878 dotem
584 2815 836 2878 constituendam
859 2824 987 2878 senatus
1008 2818 1142 2878 censuit.
1182 2817 1260 2877 ltem
1281 2835 1322 2876 ex

237 2911 366 2964 senatus
388 2903 529 2963 consulto
550 2911 635 2964 tutor
656 2901 750 2964 datur
773 2902 899 2964 mulieri
921 2903 967 2979 ei,
1001 2903 1092 2963 cuius
1113 2911 1198 2964 tutor
1217 2903 1318 2980 abest,

237 2998 463 3069 praeterquam
477 2989 505 3049 si
519 2997 671 3068 patronus
686 2989 728 3049 sit
744 2989 799 3067 qui
815 2987 922 3049 abest:
941 3007 1013 3049 nam
1030 2988 1180 3050 inlocum
1198 2989 1322 3067 patroni
1341 2999 1374 3044 to

238 3073 380 3137 absentis
401 3073 481 3135 alter
495 3075 561 3153 peti
577 3091 640 3135 non
655 3081 757 3155 potest
777 3075 840 3135 nisi
855 3074 896 3135 ad
910 3073 1121 3136 hereditatem
1143 3073 1322 3136 adeundam

238 3170 270 3222 et
283 3162 411 3241 nuptias
423 3159 663 3222 contrahendos.
690 3157 841 3240 idemque
852 3161 997 3241 permisit
1012 3161 1045 3222 in
1061 3160 1182 3242 pupillo
1197 3160 1322 3240 patroni

178 3244 217 3307 23
237 3246 311 3308 filio.
343 3247 407 3307 Hoc
422 3245 557 3325 amplius
573 3255 702 3308 senatus
716 3248 859 3325 censuit,
877 3257 923 3325 ut,
943 3249 970 3308 si
985 3256 1069 3309 tutor
1084 3246 1198 3327 pupilli
1213 3246 1323 3327 pupil-

237 3333 327 3396 laeue
341 3341 510 3413 suspectus
531 3352 549 3392 a
563 3332 662 3394 tutela
682 3330 847 3394 submotus
862 3331 976 3412 fuerit,
1001 3334 1055 3394 uel
1070 3334 1165 3394 etiam
1184 3333 1266 3394 iusta
1281 3331 1321 3394 de

237 3438 330 3482 causa
346 3426 524 3495 excusatus,
543 3418 576 3478 in
592 3417 693 3480 locum
709 3419 778 3480 eius
793 3428 878 3481 tutor
893 3420 974 3481 alius
989 3419 1088 3482 deber.
1341 3431 1374 3476 ae

178 3506 217 3568 24
323 3503 460 3566 Moribus
480 3512 565 3566 tutor
586 3501 680 3566 datur
698 3506 825 3567 mulieri
848 3505 1028 3586 pupilloue,
1055 3505 1197 3585 quicum
1218 3513 1321 3566 tutore

237 3611 293 3654 suo
308 3593 379 3673 lege
401 3600 455 3652 aut
471 3589 610 3670 legitimo
632 3587 748 3653 iudicio
763 3610 857 3671 agere
880 3592 967 3670 uult,
993 3600 1030 3654 ut
1051 3600 1177 3653 auctore
1192 3600 1237 3651 ²eo
1252 3599 1323 3671 agat

236 3779 595 3796 isvmwrmwwvwvvx.
600 3781 650 3793 mlv*
657 3782 684 3793 'V‘
693 3780 1081 3794 NAAMMWWAAMANW

305 3916 419 3980 elegem
436 3915 456 3967 0
478 3913 489 3981 ΙΙ
516 3919 686 3980 epecuniam
700 3916 869 3967 tutelabaeC
891 3914 902 3984 ΙΙ
927 3915 1048 3968 danitiC
1072 3913 1082 3982 11
1108 3916 1286 3968 ‘lfactloneC
1317 3915 1322 3980 Ι

236 3990 268 4035 ts
287 3985 406 4035 tutelaC
428 3982 438 4052 ΙΙ
462 3989 493 4035 48
511 3987 653 4050 prouincia
670 3986 689 4037 0
711 3982 721 4051 ss
745 3990 775 4034 te
795 3985 917 4037 tutoreC
939 3983 949 4052 ΙΙ
972 3987 1062 4036 latinis
1075 3986 1289 4050 inpuberibusG

235 4059 267 4105 to
287 4056 390 4105 exiure
407 4055 495 4115 Titios,
510 4056 556 4118 qui
569 4054 647 4105 iusG
669 4052 679 4121 ΙΙ
706 4058 739 4103 st
752 4054 857 4105 urbano
872 4054 995 4118 Sebilliop
1023 4051 1034 4120 ΙΙ
1062 4058 1094 4104 tt
1113 4055 1287 4119 prouintioC

236 4128 264 4173 at
287 4120 413 4175 alitercb
440 4121 451 4191 ΙΙ
480 4128 512 4173 te
531 4123 613 4174 detur
624 4124 714 4174 om.G
