3006 4736
245 320 306 384 vip.
324 321 423 368 44-49
639 317 723 362 ·....
766 317 808 379 20
851 351 937 362 .-

207 509 225 570 3
246 519 319 570 uato
330 510 401 569 iure
412 508 543 586 antiquo
555 504 666 568 liberis
677 518 709 568 et
723 504 921 588 parentibus.
947 503 1070 567 Caduca
1083 523 1155 566 curn
1167 523 1224 566 suo
1235 522 1326 566 onere

246 594 342 656 liunt:
361 592 496 673 ideoque
509 592 669 654 libertates
681 602 712 653 et
723 593 828 674 legato
843 600 871 654 et
882 589 1124 653 fideicommissa
1134 590 1175 652 ab
1191 594 1227 652 eo
1239 589 1322 668 data,

246 699 286 742 ex
301 682 392 742 cuius
407 697 540 759 persona
556 678 716 740 hereditas
732 677 850 740 caduca
866 676 946 738 iacta
961 687 1026 756 est,
1045 677 1133 738 salua
1147 686 1232 739 sunt.
1264 678 1327 739 sci·

245 767 318 827 lieet
332 775 364 827 et
380 766 479 845 legata
495 774 527 826 et
542 764 781 826 fideicommissa
796 783 867 825 oum
884 782 940 824 suo
955 781 1051 825 onere
1068 763 1149 825 liunt
1162 761 1291 826 caduca.

398 953 479 1035 [44444
519 972 569 1028 ort
591 972 724 1014 4444444444
748 971 791 1013 ivs
813 971 963 1026 rnrrovvn
985 970 1016 1014 444
1039 950 1172 1033 crnvcrs]
1345 968 1360 1014 5

330 1076 408 1136 Item
436 1072 547 1135 liberis
569 1083 602 1134 et
623 1071 811 1154 parentibus
832 1074 988 1134 testatoris
1011 1091 1112 1152 usque
1137 1070 1178 1133 ad
1198 1070 1326 1133 ter'tium

245 1160 377 1242 gradum
400 1161 452 1221 lex
467 1161 561 1239 Papia
582 1160 632 1220 ius
647 1160 814 1238 antiquum
832 1157 937 1238 dedit,
955 1169 991 1221 ut
1006 1158 1179 1220 heredibus
1197 1159 1261 1220 illis
1276 1159 1327 1218 in·

244 1249 381 1325 stitutis,
399 1243 485 1326 quod
500 1246 574 1325 quis
588 1264 629 1306 ex
648 1264 684 1306 eo
700 1255 886 1307 testamento
901 1263 963 1306 non
978 1246 1080 1325 capit,
1098 1243 1139 1306 ad
1154 1245 1210 1306 hos
1225 1245 1327 1324 perti-

245 1344 318 1395 neat
333 1343 388 1394 aut
402 1341 503 1393 totum
518 1341 573 1392 aut
588 1350 628 1392 ex
642 1341 743 1411 parte,
763 1341 856 1411 prout
870 1332 1030 1411 pertinere
1046 1333 1155 1411 possit.

408 1519 466 1600 [ux
508 1537 545 1580 un
568 1536 704 1581 mutnus
726 1539 762 1580 er
784 1538 1038 1594 anovrsurorurvs
1060 1519 1165 1600 44444444]
1346 1533 1377 1579 44

209 1646 220 1704 4
330 1640 448 1700 Omnes
463 1658 515 1701 res
530 1649 584 1701 aut
595 1639 743 1718 mancipii
759 1649 833 1701 sunt
849 1649 903 1701 aut
918 1658 977 1700 nec
993 1639 1153 1721 mancipii.
1177 1639 1325 1719 mancipii

245 1745 296 1788 res
312 1737 384 1787 sunt
407 1725 538 1805 praedia
561 1727 594 1786 in
609 1725 715 1787 ltalico
731 1727 810 1803 solo,
830 1733 892 1787 tom
907 1726 1043 1805 rustico,
1062 1726 1165 1806 qualis
1189 1734 1236 1786 est
1252 1724 1327 1787 fun-

245 1811 316 1891 dus,
335 1831 430 1892 quam
446 1811 577 1890 urbana,
604 1811 707 1892 qualis
723 1810 852 1873 domus:
881 1812 956 1872 item
971 1812 1039 1873 iura
1054 1811 1254 1893 praediorum
1270 1830 1328 1873 ru-

245 1899 412 1981 sticorum,
436 1899 528 1959 uelut
549 1899 600 1959 uia
625 1899 686 1958 iter
708 1908 795 1960 actus
821 1897 1053 1977 aquaeductus:
1084 1898 1159 1959 item
1185 1899 1272 1960 serui
1296 1907 1327 1959 et

245 1982 480 2065 quadrupedes,
501 2003 583 2064 quae
595 1982 687 2045 dorso
703 1985 822 2046 colloue
834 1982 1013 2062 domantur,
1031 1986 1120 2046 uelut
1135 1983 1233 2046 boues
1250 1983 1326 2045 muli
1348 1998 1380 2044 444

246 2072 319 2150 eqni
335 2071 427 2131 asini.
452 2080 575 2131 ceterae
590 2089 642 2132 res
656 2088 716 2132 nec
731 2071 880 2151 mancipii
896 2080 981 2131 sunt.
1012 2070 1140 2131 elefanti
1156 2079 1187 2132 et
1203 2070 1325 2144 cameli,

245 2157 391 2237 quamuis
407 2157 483 2218 collo
500 2155 632 2218 dorsone
644 2157 823 2236 domentur,
842 2176 901 2218 nec
916 2157 1065 2237 mancipii
1077 2165 1161 2236 sunt,
1179 2157 1327 2235 quoniam

245 2242 418 2305 bestiarum
434 2262 567 2304 numero
583 2252 668 2304 sunt.

114 2378 122 2401 ,
206 2332 225 2393 Ξ
330 2330 533 2409 Singularum
557 2348 663 2391 rerum
679 2328 850 2390 dominium
864 2328 957 2390 nobis
972 2327 1153 2409 adquiritur
1167 2329 1327 2408 mancipa-

245 2417 331 2478 tione
342 2415 512 2478 traditione
521 2415 712 2494 usucapione
726 2416 759 2475 in
771 2416 840 2477 iure
853 2417 995 2476 cessione
1007 2414 1231 2475 adiudicatiooe
1242 2414 1323 2494 lege.
1347 2426 1379 2473 ao

205 2504 223 2563 3
328 2502 514 2582 Mancipatio
534 2501 663 2581 propria
687 2503 810 2581 species
824 2500 1023 2562 alienationis
1045 2508 1091 2562 cst
1105 2519 1211 2561 rerum
1235 2520 1327 2561 man-

243 2588 337 2669 cipii,
356 2606 457 2667 eaque
480 2587 516 2647 fit
530 2587 624 2648 certis
645 2586 754 2648 uerbis
776 2585 956 2666 libripende
979 2595 1010 2647 et
1031 2589 1174 2666 quinque
1196 2585 1326 2647 testibus

207 2678 223 2735 4
243 2673 471 2753 praesentibus.
497 2673 682 2754 Mancipatio
697 2675 797 2734 locum
813 2671 910 2733 habet
925 2673 1009 2732 inter
1024 2673 1119 2734 ciues·
1127 2674 1280 2733 Romanos
1296 2681 1327 2733 et

244 2760 368 2820 Latinos
398 2760 570 2822 colonarios
592 2760 782 2838 Latinosque
813 2759 959 2819 lunianos
983 2776 1099 2838 eosque
1126 2759 1323 2838 peregrinos,

206 2842 362 2923 hquibus
392 2846 614 2906 commercium
637 2844 745 2906 datum
775 2854 833 2905 est.
867 2843 1095 2906 Commercium
1122 2853 1169 2905 est
1199 2843 1325 2905 emendi
1346 2856 1378 2903 at

207 2928 471 3009 duendendique
494 2931 633 2990 inuicem
648 2931 709 2991 ius
741 2931 804 2990 Res
826 2929 958 2990 mobiles
973 2948 1036 2990 non
1059 2931 1121 2992 nisi
1142 2940 1326 3011 praesentes

244 3016 415 3096 mancipari
431 3024 581 3096 possunt,
600 3024 631 3078 et
646 3033 709 3075 non
724 3015 832 3096 plures
848 3034 943 3095 quam
964 3024 1040 3096 quot
1055 3035 1151 3078 manu
1166 3016 1236 3097 capi
1252 3035 1327 3096 pos-

244 3111 328 3162 sunt.
361 3099 539 3162 immobiles
559 3111 665 3162 autem
681 3102 775 3163 etiam
797 3102 907 3183 plures
922 3103 1016 3164 simul
1037 3112 1068 3164 et
1085 3121 1165 3183 quae
1189 3101 1326 3164 diuersis

243 3188 319 3248 locis
334 3196 407 3248 sunt
423 3187 594 3267 mancipari
610 3196 752 3268 possunt.

206 3275 224 3335 7
328 3272 468 3335 Traditio
490 3274 617 3354 propria
639 3283 687 3335 est
702 3274 850 3335 alienatio
871 3292 978 3336 rerum
1001 3293 1060 3335 neo
1074 3275 1235 3354 mancipii.
1269 3275 1325 3335 ha·
1345 3289 1379 3334 eo

244 3377 314 3422 rum
331 3379 437 3421 rerum
454 3359 626 3421 dominium
641 3360 709 3440 ipsa
724 3359 893 3422 traditione
906 3359 1188 3441 adprehendimus,
1207 3361 1326 3422 scilieet

244 3447 269 3506 si
286 3465 326 3506 ex
342 3447 424 3507 insta
440 3464 533 3507 causa
549 3445 682 3508 traditae
699 3456 773 3509 sunt
788 3445 890 3508 nobis.

1205 3619 1218 3629 n
1238 3619 1323 3632 zvxaevvxa

314 3720 465 3772 tonoreC
497 3718 501 3787 Ι
542 3722 662 3784 alegate
680 3720 809 3773 fideiec
841 3718 852 3789 ΙΙ
887 3723 1026 3772 escilicet
1044 3720 1071 3782 C,
1091 3722 1138 3772 sed
1160 3722 1281 3774 ceincias
1322 3718 1327 3788 Ι

244 3787 378 3850 tlebe,
398 3789 470 3841 lec⁸
509 3786 514 3855 Ι
551 3795 581 3839 tt
601 3790 819 3842 444444444444344400ι
852 3787 863 3856 ΙΙ
896 3791 960 3854 tam]
981 3790 1067 3841 autC
1099 3788 1109 3855 ΙΙ
1142 3790 1288 3841 rusticoC
1323 3790 1328 3857 Ι

245 3862 276 3908 tt
295 3862 398 3909 celeres
411 3873 454 3909 res
470 3859 503 3910 C¹
524 3856 535 3925 ΙΙ
560 3862 591 3906 49
604 3858 725 3909 dominia
742 3859 762 3910 C
782 3858 793 3924 ΙΙ
815 3863 847 3908 20
862 3860 889 3908 in
903 3861 962 3909 iure
977 3861 1101 3910 cessione
1113 3862 1280 3925 usucapione
1295 3859 1325 3921 0,

244 3925 370 3990 cf.§8.9
396 3926 406 3994 14
433 3932 461 3976 al
478 3927 656 3990 estlestetC
679 3925 690 3994 ΙΙ
716 3932 747 3977 22
761 3932 843 3979 testes
855 3928 1047 3993 praesentesC
1070 3926 1081 3996 ΙΙ
1106 3929 1325 3992 ttestemendl]

243 3995 350 4045 emendi
372 3996 404 4047 0³
422 3998 518 4058 (suppl.
538 3999 773 4058 montecereado)
808 3994 819 4064 ll
853 4002 884 4046 to
903 3997 1098 4061 uendundlqne
1119 3995 1161 4059 Ch,
1186 3998 1326 4049 uendendi

247 4064 280 4115 C⁸
306 4061 317 4129 ΙΙ
352 4069 383 4113 tt
403 4064 709 4130 tradrttoepropriaca
743 4063 753 4130 ΙΙ
788 4071 816 4115 34
839 4066 960 4116 dominia
975 4064 1001 4115 θ’
1018 4063 1029 4130 ΙΙ
1057 4066 1166 4116 traditio
1181 4067 1214 4117 C⁸
1227 4068 1324 4129 (suppl.

243 4135 471 4193 mooueaecendu)
