3010 4738
598 355 683 367 -
730 322 790 384 135
833 357 920 368 --
1045 324 1118 375 Paul.
1134 325 1167 386 V,
1181 327 1300 374 atu-tt

216 528 308 571 amue
325 527 419 590 quam
432 508 667 572 multitudinem
683 509 882 589 conduxerit,
903 513 1067 575 conuictus
1078 523 1114 575 ut
1128 514 1179 575 uis
1193 511 1301 593 publi-

217 615 270 658 cae
286 614 360 657 reus
375 597 408 656 in
426 595 560 667 insulam
576 596 767 676 deportatur.

531 784 610 866 [xxxa
655 787 711 846 *in
734 803 829 847 noenu
850 785 984 867 rmrlu*l

182 908 193 966 l
302 903 403 985 *Lege
429 904 522 967 Fabia
544 915 681 984 tenetur,
709 906 765 985 qui
790 906 893 967 ciuem
915 906 1087 967 Romanum
1115 907 1297 987 ingenuum,

218 990 424 1052 *libertinum
445 1010 617 1053 seruumue
632 992 771 1053 alienum
795 992 946 1053 celauerit
960 991 1145 1054 uendiderit
1160 994 1301 1055 uinxerit
1319 1006 1333 1052 s

217 1076 473 1155 *comparauerit
521 1089 553 1138 et
567 1078 640 1138 olim
656 1075 786 1157 quidem
801 1079 895 1139 huius
911 1078 988 1159 legis
1009 1096 1108 1159 poena
1123 1080 1300 1140 nummaria

217 1161 311 1241 *fuit,
330 1162 388 1226 sed
403 1164 554 1225 translata
570 1174 618 1225 est
633 1164 768 1244 cognitio
784 1162 817 1225 in
834 1161 1024 1243 praelectum
1039 1163 1138 1244 urbis,
1158 1167 1299 1245 itemque

217 1249 391 1329 *praesidis
402 1252 585 1328 prouinciae
597 1259 685 1312 extra
697 1249 840 1311 ordinem
852 1251 968 1321 meruit
979 1250 1297 1313 animaduersionem.

217 1334 371 1416 *ideoque
383 1335 566 1398 humiliores
578 1346 633 1398 aut
645 1337 677 1397 in
690 1336 850 1398 metallum
864 1336 981 1398 dantur
992 1347 1046 1399 aut
1058 1339 1090 1398 in
1103 1356 1229 1399 crucem
1241 1338 1301 1398 tol·

218 1422 361 1501 *luntur‚
380 1422 575 1484 honestiores
590 1422 736 1504 adempta
752 1421 887 1485 dimidio
908 1432 995 1501 parte
1010 1422 1162 1485 bonorum
1179 1423 1212 1483 in
1226 1440 1301 1503 per·
1320 1434 1351 1480 te

179 1510 197 1568 2
218 1508 369 1589 *petuum
384 1509 577 1589 relegantur.
625 1509 658 1570 Si
673 1527 785 1571 seruus
801 1510 920 1571 sciente
937 1509 1062 1571 domino
1078 1510 1215 1573 alienum
1232 1527 1301 1570 ser-

217 1596 312 1655 *uum
339 1593 531 1656 subtraxerit
557 1594 738 1658 uendiderit
760 1595 928 1674 celauerit,
958 1598 992 1657 in
1012 1597 1114 1676 ipsum
1138 1595 1301 1657 dominum

217 1679 509 1743 *animaduertitur
557 1680 642 1761 quod
665 1682 692 1744 si
712 1679 745 1742 id
766 1680 892 1743 domino
915 1682 1079 1762 ignorante
1100 1683 1298 1760 commiserit,

217 1767 268 1828 *in
284 1768 445 1829 metallum
461 1765 588 1830 datum*

542 1955 617 2037 [xxxi
661 1975 698 2017 nn
721 1975 823 2018 renuis
845 1955 977 2037 urtrrvu]
1321 1966 1352 2013 tt

182 2076 192 2134 l
304 2077 336 2137 Si
352 2077 487 2155 pecunia
502 2087 627 2156 accepta
644 2076 736 2137 miles
751 2076 923 2138 custodiam
940 2076 1106 2155 dimiserit,
1125 2077 1226 2156 eapite
1241 2095 1302 2156 pu·

218 2161 355 2225 uiendus
377 2172 436 2224 est.
484 2173 515 2224 et
531 2172 616 2224 certe
633 2162 812 2241 quaeritur,
838 2162 929 2225 ouius
944 2163 1086 2224 criminis
1101 2181 1174 2224 reus
1189 2160 1301 2224 dimis-

181 2248 198 2306 2
218 2267 272 2309 sus
286 2267 356 2309 esse
379 2246 535 2311 uideatur.
584 2248 643 2321 Qui
659 2247 832 2310 custodiam
854 2248 946 2309 militi
967 2250 1173 2328 prosequenti
1189 2267 1302 2328 magna

180 2334 196 2394 3
219 2352 315 2396 manu
336 2330 545 2397 excusserunt
571 2336 672 2414 capite
693 2335 882 2415 puniuntur.
936 2333 1016 2408 *Qui
1038 2344 1125 2395 metu
1147 2334 1298 2411 criminis,

218 2417 270 2481 *in
287 2439 350 2500 quo
362 2422 509 2483 iam-reus
525 2421 629 2482 luerat
640 2420 825 2499 postulatus,
843 2438 958 2482 nomen
973 2420 1103 2482 militiae
1119 2418 1218 2500 dedit,
1238 2430 1302 2480 sta-
1320 2431 1352 2478 eo

181 2507 197 2566 l
219 2506 294 2568 *tim
317 2516 511 2569 sacramento
534 2505 705 2569 soluendus
720 2515 779 2568 est.
827 2507 913 2569 Miles
929 2506 1072 2570 turbator
1092 2508 1179 2586 pacis
1199 2506 1302 2586 capite

181 2592 199 2650 5
219 2592 378 2671 *punitur
424 2594 531 2672 Miles,
557 2595 612 2673 qui
635 2612 675 2654 ex
690 2610 813 2654 carcere
835 2592 906 2654 dato
928 2591 1032 2674 gladio
1054 2592 1177 2674 erupit,
1201 2609 1303 2672 poena

187 2742 189 2747 ,
221 2677 350 2758 *eapitis
364 2680 504 2757 punitur.
552 2678 662 2741 eadem
678 2697 779 2757 poena
802 2688 928 2740 tenetur
943 2690 975 2740 et
991 2680 1046 2759 qui
1068 2697 1139 2740 cum
1155 2697 1192 2740 eo
1207 2695 1302 2758 quem

182 2766 198 2822 6
219 2763 436 2827 *custodiebat
451 2765 602 2828 descruit.
648 2765 747 2843 Miles,
766 2765 821 2845 qui
838 2762 899 2826 sibi
915 2783 1028 2828 manus
1042 2765 1149 2827 intulit
1164 2782 1223 2826 nec
1238 2761 1303 2824 iao-

219 2850 306 2912 *tum
322 2853 455 2932 peregit,
472 2853 535 2913 nisi
551 2851 749 2931 impatientia
764 2849 880 2911 doloris
895 2861 949 2913 aut
965 2850 1066 2913 morbi
1080 2851 1226 2913 luctusue
1241 2849 1302 2912 ali·
1321 2861 1353 2908 aa

219 2936 329 3000 *cuius
342 2937 397 2999 uel
412 2938 472 2999 alia
488 2955 580 2999 causa
596 2936 714 3015 lecerit,
735 2937 836 3017 capite
852 2937 1035 3016 puniendus
1050 2948 1113 2999 est:
1139 2938 1216 2998 alias
1230 2955 1302 2997 cum

219 3024 407 3104 *ignominia
422 3021 597 3085 mittendus
611 3021 691 3085 est*

486 3211 573 3293 [xxxii
617 3231 734 3286 evenne
757 3231 962 3281 arrunmunvu
985 3212 1040 3294 sir]

306 3334 457 3405 Quotiens
478 3331 697 3396 iusiurandum
716 3332 907 3413 postulatur,
933 3352 970 3395 eo
985 3342 1126 3413 tempore
1141 3331 1303 3413 appellau-

218 3419 295 3491 dum
311 3428 369 3496 est,
389 3437 451 3498 quo
466 3416 617 3495 defertur,
635 3437 699 3487 non
715 3436 778 3497 quo
794 3416 928 3482 iuratur.
1320 3425 1351 3471 ³⁰

891 3586 1300 3603 AtvvvsAAMNANm-tsmmwvoew*

290 3674 960 3738 ttuedollotiott‚2:cs.leoe·ltom.Brrrg.tt
1008 3672 1020 3736 ΙΙ
1067 3670 1299 3735 thelame.

221 3748 368 3806 terere
414 3742 426 3806 tt
472 3743 980 3807 egestate.te,te‚ee,rr.re

221 3886 227 3895 u
234 3886 241 3893 x
248 3881 657 3895 «ΑΛΝυνκΛΛΛΛιωΛΜΛΛΝννωΛΛΛ
1051 3874 1303 3891 ΝΛΝΨΝΑΝἊΛΆΛΝΨ

290 4002 475 4053 tnummaria
496 4000 625 4063 detectus,
645 4002 794 4052 summaria
812 4001 910 4051 codices
950 4000 961 4062 ΙΙ
1002 3996 1156 4061 tpreiecto
1169 3999 1266 4049 codices
1293 3994 1306 4065 η

223 4075 252 4119 tt
266 4071 628 4136 dimidiempartemcodr'ces
651 4070 662 4133 ΙΙ
693 4069 980 4134 leprosequenteiam
990 4067 1126 4130 magnati
1153 4067 1164 4131 ΙΙ
1195 4070 1225 4117 tt
1239 4065 1304 4118 dato

221 4140 311 4203 gladio
323 4140 420 4205 erupit]
435 4141 525 4204 erupit
537 4138 616 4189 datus
628 4139 663 4189 ad
675 4140 796 4203 gladium
809 4138 949 4188 Mommsen
