3010 4738
240 358 313 408 Paul.
329 359 375 420 ΙΙΙ,
390 362 472 407 7-to
632 393 716 405 ....
760 358 801 420 94
844 390 931 404 ..-

238 548 323 608 natio
338 548 448 609 mortis
464 565 557 609 eausa
578 555 720 608 cessante
743 545 926 608 ualetudine
950 555 982 608 et
1000 555 1155 626 sequente
1175 547 1319 623 sanitate,

239 634 433 713 paenitentia
460 634 553 694 etiam
577 641 759 695 reuocetur:
788 641 886 694 morte
909 634 994 694 enim
1010 631 1225 694 tantummodo
1247 651 1323 693 oon·

239 720 381 781 ualesoit.

555 905 616 988 [rur
661 927 698 968 in
722 926 816 969 neom
838 905 1003 988 roncinum]

204 1026 215 1084 t
324 1028 483 1090 Exhausto
497 1029 608 1108 legatis
622 1038 677 1091 aut
698 1027 948 1089 fideicommissis
962 1027 1016 1089 nel
1030 1027 1140 1088 mortis
1155 1044 1249 1089 eausa
1264 1025 1321 1088 do-
1341 1040 1357 1083 a

238 1113 419 1176 nationibus
434 1113 612 1176 hereditate
633 1114 750 1176 auxilio
765 1113 918 1176 Falcidiae
941 1113 1105 1175 institutus
1126 1113 1222 1174 heres
1241 1130 1322 1193 qua-

200 1198 219 1257 2
238 1199 382 1262 drantem
398 1201 536 1263 retinere
552 1208 667 1281 potest.
699 1201 851 1274 Quotiens
867 1200 907 1263 de
922 1198 1014 1261 modo
1030 1209 1161 1279 quartae
1178 1199 1322 1260 retinen-

238 1284 297 1347 dae
312 1288 495 1365 quaeritur‚
514 1296 644 1367 propter
664 1286 842 1366 perieulum
856 1286 930 1366 plus
944 1283 1075 1366 petendi
1092 1285 1194 1346 oifioio
1209 1283 1322 1347 iudiois

237 1370 385 1434 omnibus
400 1373 573 1434 aestimatis
595 1382 706 1452 quarta
722 1371 865 1435 iacienda
880 1382 943 1450 est,
971 1390 1053 1452 quae
1068 1370 1154 1451 apud
1170 1371 1321 1433 heredem

239 1467 411 1535 remaneat,
430 1467 485 1520 aut
500 1467 585 1520 certe
598 1457 753 1538 exigenda
769 1459 871 1520 cautio
885 1478 904 1520 a
918 1458 1078 1538 legatario,
1097 1466 1132 1518 nt
1148 1457 1233 1537 quod
1249 1457 1320 1538 plus
1341 1468 1372 1513 ⁴0

200 1542 218 1601 3
238 1541 391 1605 dodrante
406 1545 586 1624 perceperit
608 1545 762 1606 restituat.
809 1544 868 1622 Ea,
887 1562 966 1623 quae
981 1552 1081 1605 mater
1096 1544 1171 1605 uiua
1187 1542 1249 1605 filio
1265 1542 1322 1605 do-

186 1628 221 1687 3⁸
238 1630 343 1707 nauit,
361 1629 394 1690 in
410 1629 557 1710 quartam
571 1648 632 1691 non
648 1631 855 1710 imputantur.
902 1627 1011 1691 *Aeris
1026 1629 1121 1691 alieni
1137 1629 1203 1691 loeo
1218 1628 1322 1692 dedu-

237 1713 374 1777 *euntur
388 1734 451 1776 non
474 1716 574 1778 solum
588 1717 692 1796 pretia
708 1735 815 1777 eorum
832 1715 949 1795 quibus
971 1714 1102 1777 libertas
1124 1714 1205 1796 data.
1219 1727 1268 1777 est
1290 1726 1321 1777 et

237 1800 366 1862 *eorum
381 1801 436 1880 qui
452 1801 606 1882 supplioio
628 1812 703 1864 sunt
723 1801 854 1880 adiecti,
879 1801 936 1863 sed
953 1802 1069 1864 eteius
1084 1820 1179 1882 quem
1196 1811 1321 1882 praetor

237 1885 384 1966 *propter
405 1887 557 1951 indicium
579 1887 722 1968 proditae
745 1890 854 1949 mortis
874 1888 927 1949 uel
949 1887 1091 1950 detectae
1114 1906 1223 1949 eorum
1245 1907 1322 1949 oon-
1342 1899 1373 1943 tn

202 1973 218 2030 i
237 1970 419 2034 *iurationis
435 1972 581 2035 libertate
596 1973 758 2036 donauit*
786 1974 835 2035 Ex
849 1993 935 2036 mora
949 1971 1215 2055 praestandorum
1230 1974 1321 2037 fidei-

145 2091 161 2101 ν
238 2059 474 2121 commissorum
499 2060 552 2122 uel
566 2060 740 2141 legatorum
757 2059 879 2122 fructus
901 2070 932 2122 et
947 2079 1062 2123 usurae
1078 2060 1146 2139 peti
1169 2070 1317 2140 possunt:

239 2162 324 2205 mora
340 2155 446 2207 autern
463 2146 533 2208 fieri
548 2145 686 2225 uidetur,
704 2166 776 2209 eum
792 2147 963 2226 postulanti
978 2165 1039 2208 non
1056 2144 1159 2208 datur.

754 2333 803 2416 [¹1]

322 2452 374 2515 *Si
397 2455 503 2517 nullae
526 2455 589 2516 sint
611 2473 662 2516 res
683 2453 912 2533 hereditariae,
946 2455 978 2515 in
1002 2473 1081 2534 quas
1104 2454 1244 2534 legatarii
1268 2456 1324 2529 uel,
1339 2467 1371 2511 eo

236 2538 534 2603 *fideicommissarii
551 2541 726 2620 mittantur,
746 2541 778 2601 in
794 2559 861 2601 rem
874 2539 1003 2621 quidem
1019 2539 1146 2602 heredis
1161 2541 1242 2601 mitti
1258 2558 1319 2601 non

236 2623 403 2705 *possunt,
429 2626 485 2689 sed
499 2645 558 2706 per
579 2635 758 2706 praetorem
780 2625 952 2706 denegatus
973 2626 1084 2689 heredi
1105 2628 1244 2688 actiones
1259 2627 1320 2707 ipsi

236 2709 522 2791 *persequantur*

759 2898 797 2980 [Χ]

325 3018 378 3079 *ln
399 3019 491 3081 bonis
505 3022 655 3082 curatoris
670 3019 874 3099 priuilegium
890 3017 1001 3080 furiosi
1015 3017 1193 3082 furiosaeue
1209 3041 1321 3084 serua·
1338 3032 1371 3079 aa

237 3102 325 3166 *tur2
342 3104 493 3186 prodigus
508 3115 539 3168 et
554 3124 663 3167 omnes
676 3106 815 3183 omnino,
834 3106 956 3166 etiamsi
973 3106 1003 3166 in
1020 3106 1122 3168 edicto
1137 3125 1199 3168 non
1214 3106 1249 3168 fit
1264 3126 1320 3168 eo-

236 3190 327 3309 :rum
343 3193 476 3310 menpio,
503 3192 644 3253 inbonis
665 3192 819 3254 euratoris
841 3190 968 3253 deoreto
990 3193 1192 3272 priuilegium
1209 3212 1319 3255 eonse-

254 3287 406 3358 quuntur.

237 3467 288 3480 *Ml*

307 3555 332 3614 8,
346 3557 375 3602 aa
387 3572 419 3596 =
433 3553 492 3615 Dte.
508 3555 550 3612 aa,
565 3555 590 3613 2,
605 3557 636 3602 ao
666 3554 677 3617 ιι
711 3558 771 3603 o=
785 3555 844 3618 nep.
857 3557 898 3615 ao,
911 3557 936 3615 o,
949 3557 979 3601 ro
1010 3553 1021 3617 u
1057 3556 1087 3601 ro
1101 3573 1133 3596 =
1147 3554 1206 3616 nep.
1218 3557 1261 3615 or,
1273 3557 1314 3613 ro,

238 3626 279 3684 to,
295 3627 323 3672 t:
344 3623 403 3671 hoie
420 3626 507 3671 eutem
524 3622 578 3671 loeo
595 3622 657 3672 hoec
674 3626 802 3673 sententio
812 3625 869 3673 ideo
880 3625 1001 3674 restituto
1013 3627 1065 3681 est,
1087 3624 1149 3684 quio
1159 3635 1251 3672 ueram
1262 3625 1317 3673 etos

235 3693 322 3741 sedem
332 3693 403 3741 intro
414 3692 482 3740 huno
494 3691 588 3740 librom
599 3693 750 3753 ionoromus

235 3814 1314 3842 mmmmwvwsmmkmwvwsmwvvvmmwvvmmmwvmmmwvwwv

306 3950 469 4011 tsequente
481 3949 518 4008 Μ,
538 3950 630 3999 secuta
642 3949 715 4008 dett,
735 3949 850 4011 deffeith
890 3948 901 4010 ΙΙ
943 3951 1089 4011 tquertae
1102 3948 1131 4007 t,
1153 3949 1279 4013 pertisM
1306 3947 1316 4015 ΙΙ

236 4018 250 4062 8
270 4015 370 4066 iudicis
382 4017 412 4075 t,
427 4017 573 4067 iudicantis
586 4018 616 4067 M
