3006 4736
599 336 877 397 ...3-

197 522 387 606 sacsunt1).
435 542 471 585 ae
500 542 541 584 ne
570 524 604 584 in
631 522 767 584 rubricis
789 524 919 604 quidem
943 527 1041 606 ipsius
1064 526 1278 607 epitomateris

197 609 363 672 libidinem
379 618 549 690 grassatam
563 627 635 671 esse
652 607 860 674 crediderim:
885 630 1075 693 quamquam
1092 613 1124 673 in
1139 613 1189 674 his
1203 621 1279 674 sunt

198 715 279 777 quae
310 715 346 758 eo
374 695 549 774 offendant,
582 694 667 776 quod
697 696 749 757 uel
776 697 855 758 male
883 708 1052 778 conceptae
1075 708 1150 760 sunt
1177 695 1216 779 (2.
1244 696 1274 759 7.

200 785 251 842 la.
268 782 333 862 27),
359 784 412 845 uel
434 801 498 844 non
520 790 604 844 reete
627 780 769 843 indicant
791 802 828 844 ea
851 802 932 863 quae
955 785 1032 863 ipsis
1054 785 1154 846 titulis
1176 785 1278 846 centi-

198 880 314 931 nentur
340 869 381 948 (3.
407 870 459 931 22.
485 867 558 948 23),
589 869 642 929 uel
664 867 705 929 ad
728 869 825 930 multo
848 871 985 931 minores
1008 871 1087 931 iuris
1110 872 1278 950 particulas

196 957 366 1035 pertinent,
393 974 488 1035 quarn
511 972 591 1035 quas
612 953 653 1014 ab
676 955 743 1034 ipso
757 955 889 1035 leiano
911 955 1076 1017 distinctas
1095 955 1193 1018 fuisse
1208 975 1279 1018 cre-

197 1041 302 1103 dibile‘
318 1044 359 1103 sit
387 1041 448 1121 (le.
477 1039 547 1122 le),
579 1040 631 1102 uel
660 1042 863 1105 materiarum
893 1061 1048 1104 conexum
1074 1042 1156 1103 male
1177 1044 1278 1104 inter-

197 1137 350 1208 rumpunt
377 1127 417 1210 (2.
444 1126 474 1188 7.
501 1125 567 1207 27).
615 1128 733 1187 atenim
762 1147 826 1189 non
857 1130 915 1190 bae
944 1128 1044 1206 solae,
1081 1127 1139 1189 sed
1168 1146 1277 1190 omnes

197 1214 341 1276 rubricae
370 1233 433 1275 non
463 1215 568 1277 minus
598 1211 639 1273 ab
666 1212 790 1292 leiani
821 1215 942 1294 regulis
972 1213 1124 1276 uidentur
1156 1214 1277 1276 alienae

196 1300 293 1362 fuisse
317 1319 411 1381 quam
434 1319 452 1361 a
475 1299 530 1361 Gai
554 1299 824 1379 institutionibus,
851 1302 884 1361 in
907 1299 1024 1381 quibus
1046 1300 1191 1362 rubricae
1214 1308 1276 1361 mm

196 1405 252 1450 eae
280 1405 361 1467 quae
390 1406 409 1448 a
438 1386 567 1448 librario
597 1403 691 1465 quam
721 1404 777 1448 eac
806 1405 888 1467 quae
916 1395 1136 1449 acorrectorc
1162 1384 1278 1447 mdicis

195 1474 385 1559 Veronensis
408 1474 613 1553 interpositae
636 1481 710 1533 sunt
733 1472 834 1534 isdem
857 1474 943 1536 uitiis
965 1472 1112 1535 omnibus
1134 1472 1279 1536 laborant

195 1579 276 1640 quae
305 1579 403 1641 supra
430 1559 699 1621 enumerauimus.
747 1569 779 1620 et
807 1559 1072 1640 quemadmodum
1102 1559 1157 1621 Gai
1179 1560 1279 1621 Vero-
1339 1593 1341 1598 ·

194 1648 304 1710 nensis
326 1645 472 1708 rubricae
495 1664 557 1707 non
579 1645 783 1707 consentiunt
805 1665 875 1707 cum
898 1647 945 1707 eis
967 1665 1048 1726 quae
1071 1647 1105 1706 in
1128 1644 1184 1707 Gai
1208 1645 1279 1724 epi-

193 1741 277 1794 mma
299 1733 502 1812 Wisigothica
531 1738 652 1811 extant,
687 1732 729 1792 ita
757 1731 903 1794 diuersae
931 1733 1063 1813 originis
1090 1731 1222 1813 uestigia
1244 1732 1277 1792 in

168 1838 170 1847 ·
194 1820 335 1900 leianis
358 1818 496 1881 rubricis
518 1829 733 1898 agnoscuntur
754 1828 786 1881 et
802 1839 848 1898 ec,
874 1818 959 1898 quod
974 1820 1007 1879 in
1024 1816 1192 1879 Cdllatione
1207 1819 1239 1895 t,
1258 1818 1277 1879 2

195 1905 285 1967 titulo
308 1905 344 1967 de
365 1907 482 1985 nuptiis
505 1903 730 1968 adscribuntur
752 1924 885 1986 eaquae
902 1906 934 1966 in
951 1904 1058 1967 codice
1073 1906 1221 1966 Vaticano
1236 1904 1278 1965 ti-

196 1991 260 2052 tulo
276 1991 312 2052 de
327 1992 374 2052 bis
390 1992 443 2071 qui
456 1993 488 2051 ire
500 1998 646 2071 potestate
660 1999 732 2053 sent
746 1991 959 2071 subiciuntur,
985 2002 1016 2052 et
1032 2010 1079 2069 eo,
1106 1990 1191 2072 qued
1208 1989 1278 2050 Col-

196 2078 269 2138 latio
294 2079 350 2155 lt,
377 2080 394 2137 l
426 2076 585 2138 rubricam
610 2077 647 2139 de
669 2078 808 2158 lepitimis
831 2077 1048 2138 hereditatibus
1070 2078 1162 2156 citat,
1196 2095 1277 2156 quae

196 2162 358 2241 Epitomae
380 2171 429 2223 est
450 2162 487 2222 de
510 2162 648 2243 legitimis
670 2161 841 2223 heredibus
882 2181 957 2223 sanc
977 2183 1016 2223 ex
1031 2163 1081 2224 his
1097 2162 1278 2224 Collationis

195 2248 271 2308 loeis
294 2248 397 2328 colligi
419 2248 531 2326 nequit
554 2246 699 2309 rubricas
720 2245 761 2308 ab
783 2249 851 2327 ipso
873 2247 1004 2327 leiano
1031 2249 1164 2310 insertas
1187 2262 1274 2309 esse:

196 2353 268 2395 nam
300 2333 355 2394 Gai
385 2351 512 2413 quoque
540 2335 643 2412 capita
666 2333 794 2395 Collatia
823 2333 962 2395 rubricis
991 2336 1176 2413 praemissis
1204 2336 1278 2395 citat

200 2422 263 2500 (te,
282 2421 312 2498 2,
333 2420 377 2502 9).
415 2420 520 2498 itaque
544 2439 614 2480 cum
636 2419 794 2498 quaedam
816 2419 962 2481 rubricae
982 2421 1045 2499 (40.
1066 2421 1116 2480 (3.
1139 2419 1187 2499 tl)
1214 2438 1276 2480 non

195 2525 273 2568 uere
296 2525 333 2567 ea
356 2505 506 2580 indicent,
533 2524 615 2584 quae
638 2506 732 2567 hodie
754 2507 786 2566 in
803 2507 947 2586 Epituma
962 2506 1121 2586 leguntur,
1147 2503 1205 2567 sed
1220 2524 1278 2584 po-

195 2595 258 2654 tius
281 2593 439 2672 integrum
461 2591 586 2671 leiani
609 2611 687 2672 opus
710 2593 895 2673 respiciant,
925 2591 1070 2653 rubricas
1092 2593 1277 2672 priusquam

196 2680 338 2758 Epitome
362 2678 569 2739 conficeretur
590 2679 679 2759 operi
703 2677 819 2739 inditas
842 2697 912 2740 esse
936 2687 1180 2740 consentaneum
1204 2687 1264 2739 est.

280 2765 408 2826 Initium
437 2764 542 2843 operis
569 2764 603 2825 in
633 2763 740 2827 codice
762 2765 910 2826 Vaticano
938 2765 1131 2844 singularem
1154 2765 1187 2824 in
1209 2782 1278 2824 mo-

195 2850 272 2913 dum
294 2849 458 2912 confusum
481 2859 541 2911 est.
587 2869 660 2912 nam
683 2860 753 2931 post
774 2851 901 2912 titulum
925 2853 1016 2932 incip.
1042 2851 1124 2913 tituli
1144 2868 1187 2912 eac
1207 2869 1278 2911 eer-

191 2956 268 3018 pere
288 2938 411 3018 ulpiani
438 2946 618 3016 sequuntur
646 2937 747 2998 uerba
776 2937 871 2999 buius
900 2936 1048 2999 editionis
1075 2956 1108 3017 p.
1134 2937 1152 2996 5
1177 2956 1210 2998 u.
1237 2937 1274 2997 lt

195 3026 288 3085 meris
322 3024 378 3104 (sic
399 3021 509 3103 codex)
539 3070 545 3083 .
575 3069 582 3083 .
611 3069 617 3083 .
646 3024 683 3083 lt
717 3026 924 3086 inueteratae:
965 3024 1022 3085 hos
1044 3024 1158 3104 excipit
1180 3020 1278 3087 index

196 3110 393 3172 rubricarum
416 3109 532 3189 operis,
558 3109 643 3171 hunc
665 3111 734 3190 ipse
755 3110 877 3190 primus
899 3110 1010 3172 titulus
1033 3128 1094 3189 quo
1117 3111 1221 3190 agitur
1235 3107 1277 3169 de

194 3195 497 3258 manumissionibus
520 3205 551 3256 et
574 3195 615 3257 de
638 3196 779 3274 libertis,
811 3205 947 3257 attamen
976 3197 1029 3257 hic
1058 3204 1207 3256 tractatus
1236 3192 1276 3255 de

194 3281 316 3344 libertis
339 3283 372 3342 in
395 3279 499 3343 media
521 3282 679 3343 sententia
706 3281 747 3361 (p.
774 3284 811 3359 6,
837 3281 866 3363 3)
894 3282 1112 3362 abrumpitur,
1144 3291 1176 3341 et
1201 3299 1277 3341 con-

194 3369 283 3430 tinuo
305 3369 450 3447 sequitur
473 3366 682 3448 fragmentum
706 3367 745 3428 de
761 3367 887 3447 legibus
903 3369 992 3430 initio
1007 3368 1154 3430 mutilum
1181 3366 1221 3448 (p.
1242 3365 1272 3444 5,

195 3455 331 3535 2-(3),
371 3455 460 3534 quasi
496 3454 553 3515 boc
580 3453 723 3515 eiusdem
751 3454 836 3515 tituli
866 3465 989 3534 partem
1015 3454 1170 3531 efficeret,
1208 3461 1292 3537 turn,¹

193 3550 345 3602 tractatus
367 3539 407 3600 de
430 3538 555 3600 libertis
578 3540 788 3617 continuatur,
815 3540 857 3600 ita
878 3551 995 3619 tamen,
1021 3550 1056 3601 ut
1077 3548 1204 3621 praeter
1219 3558 1276 3599 ex-

195 3637 294 3689 trema
316 3625 415 3687 uerba
437 3628 611 3687 sententiae
633 3644 730 3706 supra
752 3625 905 3707 abruptae
927 3627 986 3689 alia
1006 3626 1161 3707 quaedam
1177 3625 1277 3684 iuter-

195 3713 310 3776 cidisse
333 3712 437 3793 palam
460 3714 511 3773 sit.
555 3730 636 3792 quae
659 3711 800 3774 conlusio
822 3713 1086 3792 quemadmodum
1109 3719 1200 3773 enata
1221 3710 1273 3788 sit,

194 3803 364 3862 Mommsen
387 3799 549 3879 ingeniose
572 3797 846 3878 demonstrauit2).
893 3800 920 3860 is
943 3802 1044 3872 enim,
1075 3799 1131 3876 qui
1153 3796 1276 3875 primus

195 3888 361 3968 Epitomen
389 3885 450 3965 legi
477 3886 632 3946 Romanae
662 3883 792 3963 adiecit,
825 3885 987 3965 Epitomae
1016 3882 1155 3944 codicem
1186 3880 1275 3942 initio

195 4028 209 4038 μ
212 4026 242 4038 ns*
249 4022 610 4038 wwmmssaemWMfflsxAJ
614 4021 722 4034 υχΛΛΛΛΙν
728 4021 796 4034 matam
799 4022 900 4033 ΛΛΛΛΛΛ]
903 4022 981 4034 xlvvxtx.
984 4019 1274 4033 κΛΛΛΛΛΛΛΛΛΛΛΛΛινννν

263 4093 283 4226 ὲ(
304 4094 573 4227 ((ρῗᾷἐῖΐῑὲὲὦέᾖῐε
586 4160 629 4210 ed.
644 4161 788 4225 Boeclring.
817 4162 891 4209 laet.
918 4173 944 4223 p.
961 4161 1018 4206 tlt.

1033 4249 1042 4291 q
1053 4246 1069 4274 'k
