3010 4738
210 294 285 343 Paul.
299 293 375 354 111,a
600 326 687 339 ...-
731 292 771 355 88
815 325 901 339 ...-

170 496 176 511 Χ
210 482 334 562 integro
349 490 497 544 manente
513 479 595 543 fetus
610 481 652 543 ad
662 480 931 544 usufructuarium
948 482 1119 561 pertinent,
1137 481 1224 542 saluo
1240 499 1287 558 eo,

151 567 186 628 rt
210 576 246 629 ut
268 565 426 649 quidquid
448 569 534 648 gregi
551 566 739 646 deperierit,
767 587 808 630 ex
824 566 941 629 fetibus
964 566 1144 647 impleatur.
1190 566 1289 628 Areae

150 654 191 714 22
210 652 377 716 usufructu
393 654 491 736 legato
507 652 651 715 aedificia
667 655 700 714 in
716 672 752 715 ea
767 655 915 716 constitui
930 672 992 714 non
1007 663 1150 731 possunt.
1175 651 1289 713 Acces-

210 740 256 800 sio
272 737 312 800 ab
331 740 489 802 alluuione
513 738 552 801 ad
568 737 775 801 fructuarium
791 738 942 819 fundum,
968 740 1043 819 quia
1059 737 1180 801 fructus
1202 736 1290 799 fundi

210 833 345 904 nonest,
364 845 426 887 non
449 826 600 906 pertinet:
628 826 807 889 uenationis
822 845 898 887 uero
914 836 946 887 et
969 826 1095 904 aucupii
1111 824 1234 886 reditus
1249 823 1290 885 ad
1308 837 1323 882 5

150 911 189 970 23
210 909 418 974 fructuarium
433 913 605 991 pertinent.
646 912 763 975 Seruos
777 930 883 993 neque
897 921 1048 991 torquere
1062 928 1167 990 neque
1181 910 1290 990 flagel-
1328 935 1335 942 ·

209 997 248 1058 lis
263 996 395 1059 caedere
411 1015 515 1078 neque
531 998 564 1058 in
581 1017 653 1060 eum
669 1016 776 1059 casum
788 996 868 1060 facto
883 1017 939 1059 suo
953 997 1130 1077 perducere
1142 996 1290 1059 usufruc-

150 1083 189 1143 il
208 1083 330 1145 tuarius
353 1093 472 1164 potest,
503 1103 565 1164 quo
587 1082 761 1145 deteriores
781 1084 867 1145 fiant.
913 1085 1028 1145 Fructu
1050 1084 1152 1163 legato
1167 1084 1194 1144 si
1214 1101 1291 1145 usus

208 1187 271 1229 non
292 1168 507 1247 adscribatur,
530 1172 631 1249 magis
645 1170 764 1250 placuit
779 1167 1010 1232 usumfructum
1032 1169 1136 1231 uideri
1152 1168 1291 1249 adscrip-

149 1253 189 1313 fii
208 1263 285 1317 tum.
311 1253 434 1318 fructus
450 1256 533 1317 enim
549 1258 619 1317 sine
634 1275 695 1318 usu
711 1275 781 1317 esse
797 1275 861 1317 non
877 1263 1019 1336 possunt.
1044 1256 1079 1317 Si
1094 1257 1185 1316 alteri
1200 1274 1286 1332 usus,
1309 1266 1340 1312 to

208 1340 299 1402 alteri
322 1339 443 1404 fructus
458 1343 579 1421 legatus
595 1344 653 1420 sit,
678 1340 869 1404 fructuarius
885 1344 918 1402 in
933 1359 995 1403 usu
1010 1343 1186 1419 concurrit,
1205 1340 1291 1420 quod

149 1426 188 1487 26
209 1427 241 1488 in
268 1425 374 1489 fructu
395 1429 544 1490 usuarius
573 1426 677 1489 facere
698 1447 760 1489 non
790 1437 902 1508 potest.
951 1427 1146 1489 Coniunctim
1167 1426 1291 1488 duobus

207 1511 408 1575 ususfructus
436 1532 476 1575 no
498 1532 574 1575 rano
602 1515 723 1593 legatus
752 1515 850 1575 altero
878 1523 999 1575 mortuo
1025 1513 1066 1575 ad
1094 1508 1228 1574 alterum
1256 1514 1289 1572 in

149 1595 189 1658 27
207 1597 344 1660 solidum
360 1599 546 1679 pertinebit.
592 1599 763 1661 Vsufructu
778 1599 879 1679 legato
898 1598 938 1660 de
955 1598 1046 1661 modo
1060 1597 1172 1661 utendi
1188 1601 1288 1660 cautio

207 1702 224 1743 a
241 1683 411 1746 fructuario
422 1687 501 1747 solet
514 1686 682 1766 interponi,
702 1695 733 1747 et
748 1684 819 1747 ideo
831 1684 963 1765 perinde
975 1687 1081 1747 omnia
1095 1704 1131 1746 se
1143 1693 1284 1763 usurum,
1310 1697 1340 1743 ts

207 1771 286 1831 acsi
306 1772 442 1850 optimus
464 1782 556 1852 pater
577 1771 711 1833 familias
731 1781 891 1848 uteretur,
918 1770 1158 1833 fideiussoribus
1180 1771 1289 1832 oblatis
1390 1812 1395 1820 ·

135 1851 190 1914 27²
208 1873 322 1917 cauere
338 1857 470 1936 cogitur.
517 1855 672 1919 *Arbores
692 1858 726 1920 ui
743 1859 957 1937 tempestatis,
976 1877 1040 1919 non
1055 1858 1147 1938 culpa
1171 1856 1289 1918 fructu-

134 1932 189 2000 27¹¹
206 1939 284 2002 *arii
300 1961 428 2004 euersas
445 1943 485 2005 ab
502 1963 537 2004 eo
552 1943 703 2006 substitui
719 1962 782 2005 non
796 1943 910 2024 placet.
958 1943 1119 2024 Quidquid
1143 1946 1175 2004 in
1192 1941 1289 2005 fundo

206 2026 367 2090 *nascitur
386 2030 439 2091 uel
453 2029 611 2111 quidquid
627 2028 701 2091 inde
716 2031 910 2111 percipitur,
935 2029 976 2092 ad
993 2028 1201 2091 fructuarium
1215 2048 1290 2109 per-

206 2111 319 2174 *tinetz
350 2117 518 2195 pensiones
541 2134 667 2197 quoque
690 2118 751 2178 iam
773 2126 866 2177 antea
887 2116 1057 2178 locatorum
1071 2133 1235 2195 agrorum,
1262 2116 1289 2175 si
1308 2126 1341 2172 so

207 2198 456 2282 *ipsaequoque
471 2203 652 2283 specialiter
669 2202 914 2280 comprehensae
931 2204 1004 2263 sint.
1052 2202 1109 2263 sed
1125 2201 1165 2263 ad
1182 2220 1289 2262 exem-

206 2284 312 2365 *plum
334 2288 545 2367 uenditionis,
572 2289 633 2350 nisi
655 2288 775 2350 fuerint
795 2287 974 2366 specialiter
995 2296 1163 2368 exceptae,
1186 2296 1290 2367 potest

135 2370 190 2430 270
208 2371 480 2437 *usufructuarius
503 2373 725 2436 conductorem
748 2375 915 2454 repellere.
963 2373 1079 2436 Caesae
1103 2372 1289 2435 harundinis

207 2456 276 2519 *uel
291 2459 353 2538 pali
376 2460 613 2538 compendium,
638 2460 720 2521 siin
744 2480 781 2521 eo
802 2478 928 2540 quoque
952 2458 1041 2520 fundi
1065 2460 1197 2539 uectigal
1221 2477 1288 2521 esse

149 2543 189 2603 28
207 2542 406 2623 *consueuit,
432 2546 473 2607 ad
489 2545 698 2608 fructuarium
720 2546 890 2625 pertinet*
934 2544 1137 2607 Vsusfructus
1156 2545 1290 2606 amissus
1309 2557 1341 2603 rs

206 2629 247 2691 ad
267 2633 493 2711 proprietatem
514 2633 659 2694 recurrit.
704 2633 859 2693 amittitur
878 2642 982 2694 antem
1005 2634 1148 2712 quinque
1170 2630 1286 2692 modis:

208 2717 319 2796 capitis
336 2718 520 2796 minutione,
540 2719 584 2779 rei
600 2718 842 2799 permutatione,
862 2737 924 2779 non
941 2717 1069 2795 utendo,
1088 2720 1121 2779 in
1138 2719 1206 2779 iure
1222 2736 1290 2778 ces-

149 2800 189 2860 29
208 2802 305 2879 sione,
326 2801 456 2865 dominii
473 2806 716 2884 comparatione.
758 2804 875 2883 Capitis
889 2805 1063 2865 minutione
1080 2804 1244 2881 amittitur,
1263 2804 1289 2864 si

209 2887 242 2946 iu
264 2887 399 2949 insulam
422 2887 613 2952 fructuarius
634 2889 836 2969 deportetur,
862 2890 915 2950 uel
938 2891 965 2950 si
988 2909 1028 2950 ex
1057 2908 1151 2952 causa
1174 2889 1290 2950 metalli

208 2990 320 3034 seruus
332 2993 452 3053 poenae
464 2974 628 3054 efficiatur,
648 2983 679 3036 et
691 2976 717 3035 si
733 2983 849 3036 statum
861 2994 901 3035 ex
916 2974 1116 3055 adrogatione
1128 2975 1180 3036 uel
1192 2973 1291 3055 adop·
1309 2985 1341 3031 80

149 3057 188 3115 30
207 3058 292 3118 tione
309 3061 489 3121 mutauerit.
536 3062 602 3121 Non
624 3060 742 3123 utendo
763 3061 918 3121 amittitur
932 3062 1149 3133 ususfructus
1175 3064 1201 3122 si
1217 3080 1291 3141 pos-

208 3144 346 3206 sessione
363 3143 452 3207 fundi
468 3145 598 3208 biennio
614 3147 805 3208 fructuarius
821 3165 884 3206 non
900 3156 1016 3222 utatur,
1035 3149 1088 3209 uel
1103 3148 1150 3208 rei
1166 3146 1291 3207 mobilis

149 3229 184 3288 at
206 3248 300 3291 anno.
328 3231 396 3293 ¹ilci
420 3234 593 3294 mutatione
614 3232 771 3293 amittitur
785 3232 1000 3311 ususfructus,
1019 3235 1046 3294 si
1063 3232 1173 3294 domus
1189 3235 1291 3313 legata

208 3315 356 3378 incendio
378 3317 619 3399 conflagrauerit
640 3328 694 3380 aut
709 3319 801 3380 ruina
816 3320 961 3397 perierit,
984 3320 1058 3381 licet
1072 3329 1179 3399 postea
1196 3320 1291 3380 resti-

148 3401 189 3462 32
208 3412 325 3465 tuatur.
366 3404 401 3463 In
416 3404 484 3466 iure
507 3406 649 3467 cessione
663 3405 820 3468 amittitur
834 3404 1051 3484 ususfructus,
1070 3406 1216 3485 quotiens
1232 3403 1290 3466 do-
1309 3415 1342 3460 ³5

207 3574 596 3589 WNWAMNWWNMMMAJ«
600 3576 836 3590 ΛΛΛἉΛΛΛΛΛΛΛΛᾹΛΛ
840 3577 868 3589 ΛΝ
872 3576 1171 3590 ΛΛΙΉΣΛΛΛΛΙὫῚΛΛΗΜΛΛΛΙ*
1175 3576 1186 3589 Ἀ
1191 3576 1202 3590 (¹
1207 3576 1218 3589 l*
1224 3576 1234 3588 l*
1239 3574 1276 3589 ΛΓ]
1283 3573 1289 3579 “

278 3663 303 3721 o,
316 3662 444 3711 cruore
457 3680 489 3704 =
503 3660 562 3724 nep.
578 3665 603 3721 r,
620 3666 643 3723 r,
660 3665 690 3711 so

210 3800 220 3809 u
224 3795 684 3810 mmmmm-m
833 3798 855 3809 vx
860 3797 946 3809 ΑΛΛΛΛῙ
951 3795 1236 3813 ΜΜΛΑΛΜΝἋΝΜΨ
1240 3796 1290 3809 νυν

277 3900 407 3964 tlegatae
419 3903 516 3951 codices
545 3900 556 3962 ll
587 3899 729 3952 tiendum
741 3903 791 3950 del.
822 3900 833 3962 ll
864 3904 932 3952 test
944 3901 1008 3964 non}
1022 3902 1097 3951 estL
1124 3901 1135 3964 ll
1167 3905 1293 3958 lausus-

206 3967 311 4020 fructus
324 3969 359 4019 do
372 3971 432 4032 lego
444 3969 547 4032 legatus
560 3969 656 4020 Arndtr
678 3970 720 4033 (cs.
739 3971 794 4020 Vct.
811 3968 863 4031 57),
884 3968 1086 4021 usumfructum
1100 3970 1136 4020 do
1148 3970 1207 4034 lego
1220 3970 1293 4032 lega-

207 4039 376 4095 tumcodr'ccs
413 4037 424 4099 ll
463 4042 493 4087 ta
514 4041 540 4088 et
551 4051 600 4087 om.
617 4040 646 4088 M
673 4039 684 4102 ΙΙ
713 4038 836 4102 usurum]
853 4037 989 4089 facturum
1004 4039 1124 4089 Guiaciur
1154 4040 1164 4102 ΙΙ
1195 4043 1226 4087 t?
1246 4052 1293 4088 co·

208 4107 280 4169 gitur
292 4107 364 4163 dett,
382 4109 493 4168 cogetur
505 4108 553 4157 ML
