3010 4738
215 333 419 396 rectruda
551 348 554 353 ·
594 368 681 380 -
726 334 787 397 1444
829 367 918 380 ..-

214 522 303 584 ciuili
314 523 490 585 Voconiam
505 522 626 584 ratione
637 521 770 585 uidetur
777 523 934 586 effectum.
959 533 1100 585 ceterum
1113 523 1167 584 lex
1177 520 1303 585 duode-

110 606 279 692 attauhun
294 607 475 670 tabularum
490 607 577 680 nulla
599 607 789 671 discretione
804 628 900 672 sexus
915 619 1062 689 cognatos
1077 608 1227 671 admittit.
1263 609 1298 669 ln

215 693 392 756 hereditate
408 694 549 775 legitima
563 695 754 756 successioni
769 696 856 758 locus
878 704 1015 757 nonest.
1064 703 1096 756 et
1113 694 1186 757 ideo
1202 692 1299 755 fratre

215 778 408 858 decedente,
426 776 597 860 antequam
612 779 706 843 adeat
720 790 775 842 aut
790 781 938 862 repudiet
954 779 1173 860 hereditatem,
1193 779 1300 842 fratris

216 865 300 928 filius
322 865 444 928 admitti
468 885 531 928 non
551 874 672 947 potest,
702 867 777 946 quia
799 869 913 931 omissa
934 869 1090 930 successio
1116 867 1299 946 proximiori
1319 877 1338 924 s

113 949 369 1034 22(2l)defertur.
414 949 464 1013 Ab
483 951 627 1014 hostibus
642 962 754 1032 captus
769 971 873 1034 neque
894 955 944 1016 sui
959 972 1065 1034 neque
1088 953 1221 1033 legitimi
1243 952 1302 1013 be-

216 1038 303 1100 redis
322 1040 373 1101 ius
394 1038 511 1100 amittit
536 1038 728 1119 postliminio
750 1058 912 1102 reuersus.
966 1040 1052 1120 quod
1073 1050 1105 1100 et
1125 1041 1208 1100 circa
1233 1056 1298 1116 eos,

216 1125 271 1204 qui
287 1124 320 1184 in
336 1125 473 1186 insulam
489 1123 700 1204 deportantur
711 1126 763 1186 uel
776 1127 866 1206 serui·
875 1145 996 1206 poenae
1009 1127 1112 1189 effecti
1127 1133 1212 1203 sunt,
1230 1124 1302 1204 pla-

142 1248 145 1253 >
216 1211 280 1272 cuit
300 1209 481 1289 obseruari,
507 1211 534 1271 si
556 1230 615 1291 per
636 1213 742 1273 omnia
762 1213 795 1272 in
810 1212 968 1292 integrum
989 1210 1188 1291 indulgentia
1208 1212 1301 1290 prin-

114 1292 310 1377 tuttueipali
331 1297 550 1358 restituantur.
597 1297 655 1356 Pro
677 1296 797 1360 herede
812 1316 926 1378 gerere
947 1308 996 1360 est
1017 1296 1228 1360 destinatione
1244 1295 1300 1359 lu-
1320 1307 1356 1354 44

215 1383 279 1444 turi
294 1382 427 1444 dominii
450 1381 572 1461 aliquid
587 1401 629 1443 ex
644 1381 845 1445 hereditariis
866 1384 963 1446 rebus
976 1402 1150 1464 usurpare:
1175 1392 1207 1445 et
1228 1382 1301 1443 ideo

215 1487 274 1550 pro
288 1467 408 1530 herede
420 1486 533 1549 gerere
546 1466 687 1558 uidetur,
705 1470 761 1550 qui
773 1468 944 1532 fundorum
955 1469 1219 1533 hereditariorum
1232 1470 1301 1530 cul-

218 1565 307 1616 turas
322 1555 527 1633 rationesque
542 1552 692 1634 disponit,
711 1566 743 1616 et
757 1557 813 1636 qui
828 1558 930 1618 seruis
943 1556 1156 1634 hereditariis,
1174 1558 1301 1618 iumen-

114 1636 259 1720 ilihhltis
280 1637 418 1701 rebusue
439 1640 509 1701 aliis
535 1641 647 1702 utitur.
693 1641 742 1701 Ex
762 1641 911 1721 pluribus
938 1641 1112 1704 heredibus
1133 1641 1300 1721 isdemque

216 1725 368 1805 legitimis
395 1726 422 1786 si
444 1726 500 1806 qni
522 1727 686 1788 omiserint
710 1726 919 1790 hereditatem
942 1730 996 1791 uel
1016 1730 1048 1789 in
1071 1727 1218 1791 adeundo
1240 1727 1300 1790 ali·
1321 1737 1357 1783 ⁴⁵

217 1829 281 1892 qua
296 1811 417 1873 ratione
433 1809 553 1874 luerint
568 1811 730 1892 impediti,
750 1813 800 1875 his
815 1815 871 1894 qui
887 1813 1035 1877 adierunt
1048 1816 1102 1887 uel
1117 1833 1226 1876 eorum
1241 1813 1301 1874 be-

217 1895 350 1959 redibus
371 1898 581 1960 omittentium
602 1900 764 1978 portiones
778 1898 978 1963 adcrescunt.
1025 1900 1111 1982 quod
1133 1901 1167 1961 in
1182 1897 1300 1962 herede

217 1983 360 2045 instituto
377 1981 472 2064 [eum]
488 1984 544 2063 qui
556 1995 720 2066 acceperat
731 1985 937 2049 substitutum
950 1988 1081 2050 euenire
1092 2005 1154 2047 non
1166 1985 1300 2067 poterit:

217 2067 347 2132 diuersa
362 2070 447 2131 enim
462 2089 558 2133 causa
572 2080 621 2134 est
634 2072 745 2153 scripti
761 2081 793 2134 et
806 2073 952 2153 legitimi.

402 2240 443 2325 [rx
483 2261 522 2305 an
545 2262 670 2306 snunrvs
691 2263 861 2307 cousrnrm
884 2244 1115 2327 murmurium]
1318 2253 1356 2299 44

182 2359 193 2418 l
302 2363 416 2425 Matres
437 2371 501 2425 tam
524 2363 681 2443 ingenuae
710 2383 805 2445 quam
826 2362 994 2427 libertinae
1021 2365 1109 2427 ciues
1129 2365 1297 2442 Romanae,

216 2458 251 2510 ut
267 2448 317 2510 ius
338 2448 511 2511 liberorum
527 2459 713 2512 consecutae
734 2448 923 2529 uideantur,
948 2461 998 2513 ter
1020 2460 1052 2513 et
1069 2459 1183 2532 quater
1202 2468 1301 2530 pepe-

179 2533 198 2592 4
217 2536 297 2596 risse
312 2533 439 2609 suflicit,
458 2533 626 2596 dummodo
641 2536 733 2597 uiuos
748 2544 781 2597 et
791 2536 878 2615 pleni
890 2538 1041 2617 temporis
1052 2537 1187 2619 pariant.
1213 2536 1300 2608 Quae

218 2622 315 2682 semel
335 2640 398 2682 uno
419 2629 512 2702 partu
529 2628 591 2682 tres
614 2620 693 2682 filios
708 2621 825 2702 edidit,
849 2624 899 2684 ius
913 2622 1086 2684 liberorum
1109 2642 1173 2684 non
1188 2640 1300 2683 conse-

218 2708 346 2788 quitur:
372 2726 435 2768 non
457 2707 541 2768 enim
565 2716 615 2768 ter
635 2709 815 2788 peperisse,
841 2707 897 2770 sed
913 2709 1011 2770 semel
1032 2718 1158 2790 partum
1180 2706 1299 2769 fudisse
1318 2715 1356 2764 44
1458 2740 1460 2745 v

180 2790 198 2850 3
216 2791 363 2855 uidetur:
382 2794 443 2854 nisi
460 2791 539 2855 forte
554 2812 614 2873 per
627 2794 795 2856 interualla
811 2795 924 2874 pariat.
952 2796 1064 2857 Mulier
1078 2797 1105 2857 si
1121 2803 1300 2856 monstruo-

286 3031 313 3091 44,
327 3032 351 3079 e.
366 3031 379 3078 t
394 3049 427 3073 =
440 3029 501 3094 nep.
517 3033 541 3093 4,
555 3034 581 3093 a,
597 3033 627 3079 tt
644 3030 679 3092 (o.
693 3032 723 3094 4.)

288 3254 298 3300 4
320 3252 438 3302 uoconia
449 3252 606 3303 narratione
617 3254 723 3313 codices,
741 3255 860 3304 noconia
873 3256 1007 3306 rationem
1023 3255 1112 3318 cotta,
1132 3256 1299 3306 coniuratio·

217 3333 281 3371 nem
297 3320 383 3372 Coti.w
413 3320 425 3384 ΙΙ
454 3320 570 3386 44444444]
591 3322 717 3373 sineulla
732 3322 794 3373 0444.
826 3323 837 3387 ΙΙ
866 3324 1005 3388 cognatos]
1019 3330 1139 3386 expectes
1150 3326 1262 3388 agnatos
1290 3320 1304 3390 ΙΙ

218 3393 234 3440 t
252 3390 354 3440 omissa
366 3394 455 3440 tuetur
466 3391 656 3454 interpretatio,
676 3393 767 3442 omnis
782 3392 919 3443 0444444444·
937 3394 1017 3457 fucrit
1033 3393 1145 3456 fortasse
1162 3394 1225 3457 quia
1243 3406 1299 3443 non

218 3460 272 3509 nisi
283 3459 444 3524 proximiori
455 3461 595 3511 successio
608 3459 729 3512 defertur
758 3460 769 3524 h
806 3465 836 3511 48
855 3476 918 3513 eum
931 3464 980 3513 4444.
995 3463 1079 3512 Faber
1113 3461 1124 3525 ΙΙ
1159 3465 1191 3510 44
1209 3463 1303 3512 rubri-

218 3541 276 3578 cam
284 3533 344 3590 post
356 3525 368 3593 4
382 3532 395 3577 4
415 3528 540 3579 collocent
557 3531 663 3589 codices,
683 3531 742 3580 huic
759 3532 814 3580 loco
825 3534 938 3582 restituit
953 3531 1088 3583 coiacus:
1108 3531 1143 3582 de
1155 3532 1299 3582 intestato-

217 3610 280 3647 rum
297 3596 519 3649 successionibus
536 3597 570 3649 ad
588 3601 699 3650 senatus
717 3612 794 3650 cons.
813 3602 874 3651 tert.
894 3601 951 3651 Leo
969 3602 1039 3651 Rom.
1061 3600 1142 3664 Bury.
1163 3603 1205 3660 44,
1221 3603 1251 3650 t:
1271 3602 1304 3649 io

217 3666 401 3730 appendeat,
416 3669 441 3717 8.
457 3669 487 3715 u
507 3679 538 3716 44
555 3680 621 3729 quoe
638 3669 712 3719 titolo
724 3669 750 3718 Χ
761 3671 924 3720 contineatur
934 3670 981 3719 sub
991 3669 1098 3719 44444444
1110 3669 1144 3719 414
1155 3669 1303 3721 intestato-

217 3748 280 3785 rum
291 3734 488 3786 hereditatibus
499 3737 614 3786 citamur
653 3737 665 3801 ΙΙ
706 3741 737 3786 44
757 3736 899 3801 suflicitl,
917 3737 1075 3789 sufficietlll
1113 3736 1125 3801 ΙΙ
1167 3740 1197 3787 44
1218 3736 1301 3789 simul

218 3804 302 3854 Faber
329 3803 341 3868 ΙΙ
370 3807 426 3855 tres
440 3804 569 3865 0444444444,
583 3808 640 3856 tres
650 3804 695 3857 uel
708 3806 778 3857 duos
789 3809 888 3859 codices
916 3807 927 3872 ΙΙ
957 3810 1074 3869 26-p.
1090 3803 1299 3871 tot‚t§i.t.t

216 3875 244 3923 io
257 3872 317 3936 Dtg.
331 3875 369 3922 sic
380 3874 517 3936 teguntur:
531 3886 585 3924 non
598 3878 662 3925 sunt
673 3874 762 3938 liberi,
774 3877 822 3939 qui
835 3879 931 3927 contra
941 3875 1057 3927 formam
1069 3876 1181 3926 humani
1193 3876 1304 3940 generis

218 3954 353 3993 conuerso
365 3955 441 3992 more
452 3946 645 4006 procreantur:
666 3945 753 3995 ueluti
770 3946 794 3995 si
812 3946 911 3997 mulier
927 3948 1114 3997 monstrosum
1132 3944 1236 4009 aliquid
1253 3945 1302 3994 aut

216 4010 403 4075 prodigiosum
415 4011 494 4060 enixa
507 4012 550 4062 sit.
580 4016 676 4077 partus
687 4016 788 4075 autem,
808 4016 855 4079 qui
867 4014 1053 4066 membrorum
1066 4013 1248 4064 humanorum
1261 4011 1303 4063 oi·

217 4077 280 4130 flcia
291 4079 443 4143 ampliauit,
462 4078 635 4143 aliquatenus
652 4083 763 4134 uidetur
780 4083 893 4134 effectus
911 4087 936 4135 et
954 4083 1017 4133 ideo
1035 4085 1106 4134 inter
1117 4082 1219 4133 liberos
1232 4094 1300 4133 con-

217 4146 421 4198 numerabitur:
436 4147 470 4210 44.
481 4151 567 4214 praef.
579 4164 606 4214 p.
620 4155 652 4201 44
682 4151 693 4216 ΙΙ
724 4156 756 4202 44
768 4155 944 4204 monstruoso
957 4166 982 4203 a.
996 4165 1021 4203 a.
1035 4152 1191 4217 prodigioso
1203 4152 1305 4203 44444444
