3010 4738
232 333 383 395 rau.v,t
610 368 696 382 ..-
741 335 801 396 112
845 369 930 383 -..

232 530 286 585 aut
300 541 451 604 persona:
476 523 559 603 loco,
586 524 733 604 quotiens
748 524 782 585 in
803 523 928 604 publico
950 524 1132 604 inrogatur:
1156 532 1309 604 tempore,

231 611 378 689 quotiens
399 608 556 672 interdiu:
579 627 730 690 persona,
748 612 895 691 quotiens
909 612 1046 672 senatori
1060 609 1115 671 uel
1133 610 1236 690 equiti
1251 611 1313 671 Ro-

231 714 322 756 mano
343 694 546 758 decurioniae
566 695 619 756 uel
639 697 716 757 alias
737 705 895 776 spectatae
917 696 1111 758 auctoritatis
1125 696 1211 758 uiro:
1237 705 1268 757 et
1282 697 1310 758 si

229 780 375 861 plebeius
396 782 451 843 uel
472 781 585 844 humili
606 782 672 844 loco
693 790 787 844 natus
806 784 942 844 senatori
963 782 1017 844 uel
1038 783 1138 861 equiti
1160 783 1308 862 Romano,

231 865 393 929 decurioni
414 867 468 929 uel
489 867 687 948 magistratui
708 869 762 930 uel
776 867 874 930 aedili
895 868 948 930 uel
962 868 1078 947 iudici,
1102 866 1239 948 quilibet
1252 867 1344 929 bo-u

172 954 206 1012 44
232 971 311 1033 rum,
330 954 383 1017 uel
397 955 425 1015 si
441 955 491 1015 his
506 953 654 1016 omnibus
668 953 827 1034 plebeius.
873 955 935 1026 Qui
948 973 1007 1034 per
1021 955 1208 1016 calumniam
1224 954 1311 1016 iniu-

229 1039 295 1101 riae
311 1040 465 1101 actionem
480 1041 634 1119 instituit,
659 1048 748 1103 extra
762 1041 907 1102 ordinem
929 1042 1075 1122 punitur:
1100 1059 1211 1119 omnes
1225 1041 1309 1101 enim

229 1125 469 1187 calumniatores
490 1127 578 1187 exilii
593 1127 646 1188 uel
660 1126 782 1188 insulae
795 1128 987 1206 relegatione
1009 1135 1063 1188 aut
1078 1125 1199 1188 ordinis
1213 1127 1316 1207 amis-A

169 1211 210 1274 42
229 1213 315 1272 sione
331 1212 439 1292 puniri
464 1212 593 1292 placuit.
640 1213 830 1274 Iniuriarum
852 1232 915 1274 non
930 1213 993 1274 nisi
1013 1222 1198 1292 praesentes
1214 1231 1310 1274 accu-

228 1316 299 1359 sare
310 1306 458 1378 possunt:
478 1300 597 1360 crimen
614 1299 710 1378 enim,
729 1297 814 1378 quod
824 1299 984 1360 uindictae
999 1307 1054 1360 aut
1065 1299 1241 1360 calumniae
1257 1299 1309 1360 iu·
1328 1312 1360 1358 to

170 1383 208 1443 43
228 1383 347 1445 dicium
369 1392 532 1464 expectat,
563 1403 622 1465 per
641 1385 718 1445 alios
734 1384 857 1446 intendi
879 1404 941 1446 non
964 1393 1078 1465 potest.
1124 1386 1172 1446 Fit
1194 1384 1310 1446 iniuria

227 1478 336 1531 contra
348 1469 446 1531 honos
461 1489 574 1550 moreS,
591 1471 692 1532 ueluti
704 1472 731 1532 si
747 1472 820 1551 quis
835 1472 907 1531 iimo
923 1480 1071 1551 corruptq
1082 1471 1219 1550 aliquem
1234 1489 1310 1550 per-

228 1554 356 1635 fuderit,
375 1574 488 1635 caeno,
507 1556 572 1618 luto
587 1556 762 1636 oblinierit,
781 1575 880 1636 aquas
894 1557 1107 1637 spurcauerit,
1126 1557 1247 1618 fistulas
1261 1557 1309 1618 la-

228 1659 283 1703 cus
306 1641 426 1721 quidue
450 1640 536 1703 aliud
556 1643 588 1703 in
610 1644 760 1704 iniuriam
786 1642 947 1723 publicam
969 1645 1247 1704 contaminauerit:
1273 1643 1306 1704 in

170 1729 208 1788 44
227 1745 306 1806 quos
321 1728 462 1808 grauiter
475 1727 684 1790 animaduerti
700 1729 788 1790 solet.
836 1730 897 1801 Qui
912 1748 1013 1810 puero
1028 1737 1224 1809 praetextato
1239 1738 1307 1790 stn—
1326 1743 1360 1801 45

227 1831 320 1893 prum
342 1812 470 1876 aliudne
491 1814 642 1894 flagitium
669 1814 805 1876 abducto
826 1815 866 1876 ab
893 1834 929 1876 eo
950 1816 1004 1877 nel
1029 1825 1174 1895 corrupto
1195 1816 1306 1876 comite

227 1900 432 1978 persuaserit,
450 1901 615 1962 mulierem
630 1901 811 1981 puellamue
827 1902 1089 1981 interpellauerit,
1112 1900 1231 1981 quidue
1245 1921 1307 1982 pu-

228 1982 354 2047 dicitiae
370 1987 619 2067 corrumpendae
642 1988 741 2067 gratia
756 1987 886 2067 iecerit,
904 1985 1021 2049 donum
1035 1987 1219 2066 praebuerit
1233 2007 1308 2067 pre-

227 2072 364 2150 tiumue,
391 2090 453 2151 quo
474 2073 506 2133 id
522 2073 730 2153 persuadeat,
748 2073 887 2153 dederit,
913 2073 1055 2154 perfecto
1076 2073 1191 2154 flagitio
1207 2075 1308 2153 capite

226 2158 375 2236 punitur,
401 2157 586 2238 imperfecto
601 2161 634 2221 in
650 2160 785 2221 insulam
802 2159 1000 2240 deportatur:
1024 2162 1164 2240 corrupti
1179 2161 1308 2221 comites
1325 2173 1358 2219 4ο

168 2245 207 2304 45
226 2262 348 2305 4444141144
363 2245 517 2326 supplicio
538 2244 739 2307 adficiuntur.
784 2245 864 2318 *Qui
880 2264 1006 2306 carmen
1027 2244 1179 2307 famosum
1202 2247 1236 2306 in
1256 2247 1307 2306 in-

204 2328 359 2401 ,*iuriam
370 2331 503 2393 alicuius
514 2333 567 2394 uel
582 2332 641 2393 alia
656 2330 817 2411 quaelihet
832 2332 963 2411 cantica,
982 2350 1044 2412 quo
1055 2333 1182 2411 agnosci
1194 2333 1302 2412 possit,

224 2416 469 2496 *composuerim
499 2437 540 2479 ex
560 2419 743 2479 anctoritate
765 2418 950 2498 amplissimi
972 2417 1092 2479 ordinis
1114 2419 1147 2479 in
1169 2419 1306 2479 insulam

225 2499 444 2582 *deportaturz
473 2505 605 2565 interest
633 2505 718 2565 enim
738 2503 884 2583 publicae
911 2503 1097 2583 disciplinae
1125 2504 1305 2584 opinionem

165 2590 205 2649 46
224 2588 494 2668 *uniuscuiusque
509 2609 527 2650 a
542 2591 629 2668 turpi
645 2589 792 2651 carminis
807 2588 936 2651 infamia
950 2587 1147 2651 uindicare*
1190 2591 1307 2651 Psalte-
1325 2601 1358 2649 45

229 2741 366 2756 Amlvuvttm!

294 2831 318 2889 4,
335 2833 376 2878 iti.
393 2831 422 2878 44
437 2829 543 2892 51449.
558 2831 601 2890 44,
617 2833 658 2889 44,
674 2834 698 2890 4,
714 2833 768 2880 m
814 2828 826 2892 ΙΙ
873 2831 944 2890 4,45
963 2829 1117 2881 extetirit
1137 2831 1305 2880 Perictitt

225 2898 310 2947 Paria.
326 2897 352 2947 S.
371 2897 494 2947 Germani
507 2902 556 2947 366
579 2899 701 2949 Vaticano
712 2912 768 2961 reg.
784 2901 848 2947 4448
868 2899 994 2948 Beroeasi
1006 2902 1069 2948 263:
1083 2901 1112 2949 io
1126 2898 1212 2950 Germ.
1225 2912 1306 2961 proe-

224 2968 336 3016 mittitur
346 2967 460 3031 Interpr.

225 3100 276 3114 »ΙΧΛΛ
281 3102 305 3115 ΑΙ
310 3100 1278 3117 ΜΝνννΝ”ΦΝΜνΝᾺᾹΝννᾺΙνυνΜῊνΝνΝνΜΙνΝΜννΧΛΛΙΝΛΔν
1285 3103 1295 3113 =¹
1300 3107 1302 3113 ι

295 3192 304 3236 4
320 3187 463 3253 publicum
476 3189 573 3238 codices
596 3188 607 3252 ΙΙ
634 3192 757 3237 34444414.
772 3189 870 3237 codices
893 3185 904 3249 44
927 3187 987 3237 uiro
1000 3190 1028 3238 et
1040 3189 1063 3238 si
1077 3226 1084 3240 .
1099 3223 1106 3238 .
1121 3223 1128 3239 .
1145 3187 1303 3253 tplebeius]

225 3263 349 3319 correpta
361 3259 423 3307 baec
433 3256 545 3319 tortosae
555 3260 593 3307 sic
603 3257 763 3307 restituendo
774 3260 835 3306 aunt
851 3259 913 3305 uiro
930 3256 1054 3320 plebeius
1071 3258 1115 3308 nel
1128 3257 1224 3307 humili
1244 3258 1304 3307 loco

225 3331 306 3376 natus
318 3327 445 3376 iniuriam
458 3324 523 3376 iacit
534 3327 579 3376 uel
591 3327 758 3391 magistratui
771 3325 815 3375 nel
828 3324 909 3374 aedili
921 3325 966 3374 uel
978 3326 1064 3375 iudici
1076 3327 1190 3390 quilibet
1205 3325 1306 3388 (44144444-

226 3402 265 3446 ter
276 3395 403 3455 Huschke,
416 3395 449 3458 cf.
466 3394 524 3446 Gai.
539 3399 563 3457 4,
576 3398 633 3458 445)
666 3394 677 3458 ll
707 3398 737 3443 4ο
757 3393 831 3458 quod
842 3392 919 3444 uind.
933 3396 981 3444 aut
991 3396 1064 3453 dett,
1078 3396 1153 3460 quod
1165 3395 1241 3446 uind.
1255 3408 1305 3459 per

225 3466 262 3525 M,
282 3468 330 3515 aut
340 3464 416 3514 uind.
431 3464 507 3514 auti.
548 3463 559 3527 ΙΙ
600 3468 630 3513 43
650 3478 734 3528 aquas
745 3463 904 3528 purgauerit
915 3464 1020 3521 codices,
1035 3477 1121 3528 aquas
1133 3465 1306 3529 spurgauerit

225 3535 285 3597 Dip.
317 3534 328 3597 ΙΙ
356 3531 784 3596 fistulasDip.,fistulamcodicer
812 3531 823 3595 ΙΙ
855 3534 884 3580 44
902 3533 931 3581 414
944 3533 993 3582 4144.
1007 3533 1043 3594 M,
1058 3533 1093 3582 ad
1106 3535 1153 3582 ini.
1167 3533 1239 3597 Dio„
1254 3534 1302 3582 ini.

225 3606 244 3654 4
269 3604 280 3667 ΙΙ
304 3602 644 3667 45414444144444114449.
669 3602 681 3665 ΙΙ
706 3601 859 3651 ltaliudue
868 3600 1000 3664 flagitium
1012 3614 1061 3651 om.
1075 3603 1134 3665 Dio.
1160 3600 1171 3664 ΙΙ
1197 3606 1226 3650 ti
1242 3616 1304 3651 mu·
1366 3597 1367 3605 ’

224 3672 328 3736 lierem]
343 3675 390 3722 aut
402 3686 438 3721 m.
454 3673 514 3735 Dip.
554 3671 565 3734 ΙΙ
602 3671 751 3735 pudicitiae
764 3669 989 3734 corrumpendae]
1005 3671 1192 3735 impudicitiae
1204 3670 1263 3734 Dio.
1294 3666 1304 3736 ΙΙ

227 3748 257 3792 tt
277 3742 315 3805 id]
330 3742 426 3804 isDr'p.
464 3740 475 3804 ΙΙ
509 3742 623 3805 punitur
635 3741 723 3804 capite
738 3739 795 3803 Dip.
834 3738 845 3801 ΙΙ
881 3743 908 3786 it
931 3752 1042 3788 carnem
1055 3740 1133 3789 Bero.
1170 3740 1181 3802 14
1216 3737 1305 3789 lamo-

223 3826 282 3863 sam
295 3813 389 3861 Beros
411 3809 422 3874 ΙΙ
445 3811 473 3859 in
486 3810 650 3859 iniuriarum
662 3810 691 3871 Α,
706 3809 868 3857 iniuriarum
881 3809 959 3858 Bero.
984 3806 996 3870 ΙΙ
1019 3811 1052 3856 24
1065 3807 1187 3872 qualibet
1198 3809 1275 3858 Bere.
1294 3805 1305 3875 ΙΙ

224 3880 593 3939 tredecimasque·
627 3876 638 3940 44
673 3876 810 3926 infamiam
824 3877 902 3925 Bere.
939 3876 950 3939 ΙΙ
982 3881 1041 3938 port
1053 3877 1195 3927 uindicare
1207 3879 1304 3927 codices

224 3951 323 4000 44444444
335 3962 446 3998 carmen
458 3947 523 4014 iacit
535 3960 589 3996 non
603 3949 708 3996 tantum
721 3947 768 4009 qui
780 3946 878 3995 satiras
889 3948 916 3995 et
928 3947 1120 4009 epigrammata
1136 3946 1242 4010 (sytiras
1255 3946 1303 3996 sed

224 4030 413 4082 epygrammas
425 4017 527 4078 Bere),
547 4015 595 4066 sed
613 4016 780 4078 illegitimam
803 4014 859 4077 (sed
876 4014 920 4063 uel
938 4014 1010 4077 legit.
1025 4016 1132 4077 codices)
1151 4013 1303 4065 insectandi

224 4088 341 4136 alicuius
354 4099 463 4135 causam
480 4087 571 4146 (causa
585 4085 673 4144 Beria.)
695 4083 797 4147 quidue
814 4082 889 4132 alind
907 4083 961 4132 alio
979 4095 1076 4145 genere
1089 4085 1236 4148 componit.
1268 4084 1304 4133 de

224 4156 328 4203 ratione
341 4157 367 4202 et
380 4152 413 4203 de
428 4166 608 4216 personarum
626 4153 754 4216 dignitate
772 4150 840 4200 nihil
861 4152 897 4211 (et
908 4151 1097 4215 desperatione
1108 4151 1179 4201 14444
1197 4153 1264 4213 Vot,
1277 4155 1304 4202 44
