3010 4738
573 371 658 384 --
703 339 763 401 113
807 374 894 385 -—
1062 339 1136 391 Paul.
1152 341 1185 400 V,
1201 344 1224 393 4.
1240 346 1274 397 ou

192 532 285 608 rium,
304 528 389 610 quod
400 530 495 609 uulgo
507 518 663 591 canti'cum
675 526 803 608 dicitur,
819 530 852 591 in
864 528 995 590 alterius
1011 528 1173 592 infamiam
1184 550 1274 592 com-

152 667 155 671 ,
190 617 326 695 positum
349 626 383 677 et·
399 614 527 696 publice
549 624 707 676 cantatum
721 624 786 676 tam
801 615 835 675 in
851 633 904 675 eos
925 615 981 694 qui
1001 615 1060 676 hoc
1075 619 1274 680 cantauerint

192 721 287 783 quam
303 704 336 763 in
352 703 476 782 eosqui
492 702 736 781 composuerint,
756 708 845 762 extra
860 699 1003 761 ordinem
1018 702 1217 764 uindicatur:
1237 723 1273 765 eo

191 790 313 866 acrius,
340 789 366 848 si
389 807 543 868 personae
565 787 702 867 dignitas
722 786 764 848 ab
786 787 845 848 hac
860 787 976 848 iniuria
997 785 1197 850 defendenda
1219 791 1271 852 sit.

134 873 173 935 47
191 876 225 935 ln
243 894 296 936 eos
315 882 476 952 auctores,
499 875 554 954 qui
571 872 704 935 famosos
718 872 841 934 libellos
857 874 890 933 in
906 873 1127 934 contumeliam
1142 874 1273 938 alterius
1292 886 1306 932 o

190 961 427 1041 proposuerint,
453 968 544 1021 extra
564 960 708 1022 ordinem
730 957 889 1039 usquead
913 959 1135 1039 relegationem
1151 961 1272 1024 insulae

133 1049 171 1106 l8
191 1046 383 1108 uindicatur.
438 1046 621 1108 Conuioium
649 1045 747 1108 iudici
774 1044 815 1107 ah
840 1043 1088 1126 appellatoribus
1113 1045 1183 1106 fieri
1209 1067 1272 1109 non

133 1135 171 1193 49
191 1141 329 1214 oportet:
360 1133 502 1212 alioquin
528 1132 657 1193 infamia
686 1140 846 1193 notantur.
905 1130 1103 1195 Maledictum
1132 1133 1273 1212 itemque

191 1220 368 1281 conuicium
390 1218 519 1299 publice
537 1217 653 1279 iactum
675 1216 716 1279 ad
738 1219 873 1279 iniuriae
897 1216 1072 1279 uindictam
1092 1228 1269 1280 reuocatur.

131 1308 170 1368 20
190 1324 253 1385 quo
268 1305 348 1367 iacto
364 1305 590 1366 condemnatus
606 1303 734 1365 infamis
748 1303 893 1366 efficitur.
940 1305 1007 1365 Non
1022 1312 1144 1366 tantum
1161 1305 1196 1378 is,
1216 1307 1271 1384 qni
1292 1314 1322 1360 44

190 1390 392 1453 maledictum
418 1400 472 1452 ant
487 1391 664 1452 conuicium
686 1390 869 1471 ingesserit,
899 1389 1084 1451 iniuriarum
1110 1392 1273 1452 conuictus

189 1477 327 1539 famosus
343 1476 497 1555 efficitur,
523 1475 685 1554 sedetis,
705 1478 796 1538 cuius
810 1495 870 1557 ope
886 1476 1055 1537 consilioue
1071 1476 1189 1537 factum
1205 1496 1272 1539 esse

131 1566 166 1626 24
190 1563 317 1626 dicitur.
356 1560 560 1625 *Gonuioinm
576 1571 685 1624 contra
698 1563 797 1624 bonos
811 1581 916 1623 mores
930 1562 999 1623 fieri
1015 1561 1155 1641 uidetur,
1172 1564 1199 1623 si
1215 1561 1273 1624 ob-

189 1646 320 1710 *scaeno
342 1650 469 1711 nomine
491 1659 546 1711 aut
560 1649 711 1710 inferiore
731 1657 821 1729 parte
842 1649 983 1728 corporis
997 1647 1136 1710 nudatus
1157 1649 1273 1729 aliquis

189 1737 379 1797 *insectatus
394 1737 446 1796 sit.
478 1735 563 1815 qnod
579 1734 694 1796 iactum
716 1735 978 1814 contemplatione
994 1753 1116 1795 morum
1133 1744 1164 1796 et
1179 1754 1272 1797 causa
1292 1743 1323 1789 ⁴5

189 1821 355 1902 *publicae
377 1822 550 1883 honestatis
570 1820 744 1882 uindictam
769 1819 1037 1882 extraordinariae
1062 1821 1193 1882 ultionis
1216 1840 1272 1882 ex-

130 1914 170 1973 42
189 1908 342 1988 *pectet*
387 1910 523 1985 Seruus,
549 1908 605 1987 qui
628 1908 778 1967 iniuriam
793 1915 847 1968 aut
862 1907 1082 1971 contumeliam
1099 1905 1225 1986 iecerit,
1245 1910 1271 1969 si

189 1993 318 2075 quidem
334 2002 488 2071 atrocem,
514 1996 547 2054 in
564 1993 725 2055 metallum
739 1992 926 2072 damnatur,
945 1994 972 2054 si
987 2011 1065 2054 nero
1080 1992 1197 2073 leuem,
1215 1993 1273 2054 fla-

189 2080 279 2160 gellis
300 2099 411 2142 caesus
426 2079 487 2141 sub
501 2097 603 2159 poena
618 2079 820 2140 uinculorum
842 2078 1064 2159 temporalium
1080 2077 1206 2141 domino
1222 2098 1273 2141 re-

187 2169 339 2228 stituitur.
1290 2173 1323 2220 44

306 2340 351 2417 [vr
395 2356 432 2397 nn
454 2356 580 2398 nrrnorv
603 2355 825 2398 suurnurmnvn
847 2354 883 2396 nr
907 2353 1019 2396 eminus
1042 2335 1152 2413 arrisu]

152 2466 163 2524 l
274 2461 335 2520 Res
356 2458 511 2521 iudicatae
533 2455 686 2518 uidentur
707 2454 748 2516 ab
770 2456 836 2534 his,
862 2456 917 2535 qui
942 2454 1112 2534 imperium
1132 2464 1272 2535 potesta-

188 2557 316 2625 temque
332 2543 450 2606 habent
462 2545 513 2605 uel
530 2544 585 2624 qui
602 2563 641 2603 ex
657 2543 839 2603 auctoritate
853 2560 962 2602 eorum
974 2542 1057 2601 inter
1068 2549 1176 2621 partes
1191 2540 1271 2602 dan-

188 2642 257 2710 tur,
284 2632 424 2711 itemque
448 2651 468 2692 o
483 2627 715 2709 magistratibus
734 2625 976 2707 municipalibus
997 2645 1099 2706 nsque
1121 2625 1161 2687 ad
1183 2646 1271 2687 sum-

188 2737 287 2795 mam,
306 2736 368 2797 qna
383 2719 433 2778 ius
448 2716 555 2778 dicere
570 2723 719 2796 possunt,
744 2714 885 2793 itemque
900 2712 940 2774 ab
956 2713 1023 2789 his,
1042 2714 1097 2791 qui
1113 2712 1153 2774 ab
1169 2714 1271 2793 impe·
1289 2722 1321 2768 25

189 2813 292 2866 ratore
308 2813 398 2865 extra
412 2801 555 2863 ordinem
571 2810 734 2881 petuntur.
760 2819 800 2861 ex
816 2799 1037 2879 compromisso
1053 2808 1158 2860 autem
1173 2798 1270 2860 iudex

188 2900 333 2970 sumptus
360 2907 427 2949 rem
451 2886 622 2949 indicatam
644 2906 706 2948 non
738 2886 827 2947 facit:
857 2883 914 2946 sed
935 2886 961 2945 si
987 2903 1088 2965 poena
1114 2885 1271 2946 intereos

189 2979 377 3057 promiss'um
399 2976 455 3053 sit,
480 2992 581 3054 poena
606 2992 638 3034 re
667 2975 700 3033 in
722 2971 874 3033 iudicium
898 2969 1033 3032 deducta
1056 2991 1096 3032 ex
1118 2972 1271 3052 stipulatu

188 3136 416 3162 ,ΙΙΧΑΛΛΛΛΛΛΙΧΛΝᾺΙῊ
422 3141 1269 3165 WMMNVRARAAMWVNMANWMMAWVMNVWWVW

259 3236 282 3295 4,
299 3234 447 3296 48=Dip
464 3235 505 3293 47,
522 3233 609 3292 44,44
649 3230 660 3292 ΙΙ
698 3231 722 3291 4,
737 3232 765 3277 it
784 3233 857 3279 caelat
868 3231 896 3278 ln
908 3229 1187 3278 Parisiensiboatloi.
1204 3231 1269 3276 4440

193 3304 314 3352 Voticooo
325 3315 380 3364 rep.
397 3304 461 3349 4448
483 3301 607 3350 Beroensi
619 3301 667 3347 263

189 3432 1267 3453 MMmemANxANWVWNMIWWmeWNMMNXMlmkm

187 3543 371 3609 disperatione
384 3539 547 3590 dialect-ione
559 3538 597 3587 nil
611 3537 699 3599 Bere.)
721 3539 843 3599 cauetur,
862 3539 993 3601 quoniam
1009 3533 1167 3584 omnimodo
1180 3532 1271 3583 delor-

188 3613 286 3663 manda
299 3614 340 3661 est
355 3610 405 3672 (est
417 3622 466 3659 om.
481 3608 511 3670 A)
533 3608 592 3657 eius
604 3620 731 3671 persona,
751 3608 938 3669 contraquam
951 3606 1087 3654 uenimus.
1115 3601 1163 3652 sed
1177 3604 1204 3650 in
1218 3603 1271 3652 hoc

188 3681 287 3732 modus
304 3680 393 3743 (modo
405 3678 425 3727 Α
439 3677 528 3738 Bere.)
544 3675 656 3740 quidam
669 3678 695 3724 et
708 3677 777 3725 ratio
789 3674 945 3725 adhibenda
957 3676 1012 3723 est:
1031 3672 1183 3722 aestimatio
1197 3674 1270 3721 enlm

188 3753 268 3802 etiam
286 3750 341 3800 hoc
358 3747 439 3798 modo
458 3746 575 3796 laeditur
596 3743 733 3807 (legiturrl
751 3744 830 3806 Vct),
851 3756 916 3806 quoe
931 3743 1051 3793 Coiooius
1069 3753 1121 3789 oon
1133 3740 1209 3788 Pauli
1226 3742 1271 3789 sed

189 3821 339 3882 interpretis
351 3831 406 3868 esse
417 3817 484 3866 uidit

257 3891 270 3938 4
290 3885 460 3938 defendenda
473 3884 510 3946 Μ,
523 3881 690 3932 uindicanda
702 3882 722 3930 L
752 3880 763 3943 ΙΙ
793 3885 807 3929 6
826 3893 913 3944 usque
925 3877 970 3940 ib,
984 3891 1092 3942 quoque
1105 3877 1141 3939 M,
1156 3878 1270 3926 44444444

188 3959 222 4008 La
250 3958 261 4020 14
293 3961 322 4006 44
342 3954 546 4006 obscineBern.
578 3951 589 4014 14
620 3953 649 3999 44
669 3949 890 4000 inferioriPoris.
907 3951 971 3998 44449
1001 3947 1013 4010 ΙΙ
1048 3949 1078 3995 it
1100 3947 1269 4008 amagistra·

187 4026 261 4077 tibus
273 4022 486 4090 municipalibus
501 4021 633 4079 Guiooios,
650 4021 824 4082 magistratus
836 4017 1016 4082 municipales
1028 4018 1126 4065 codices
1154 4013 1166 4076 ll
1195 4018 1225 4063 ni
1247 4015 1270 4064 si
1283 4056 1293 4070 ,

87 4102 89 4107 ’
187 4096 239 4147 sub
251 4109 338 4161 poena
350 4096 422 4144 inter
435 4105 482 4142 eos
494 4090 721 4154 compromissum
735 4089 771 4138 sit
782 4101 833 4137 scr.
868 4087 879 4149 14
916 4091 947 4134 28
966 4100 995 4136 re
1007 4087 1036 4135 in
1048 4084 1174 4144 Huschke,
1189 4085 1228 4133 rei
1241 4085 1269 4132 in

188 4167 224 4224 li,
239 4164 331 4229 remi,
359 4163 370 4226 11
400 4162 516 4211 deducta
529 4160 558 4222 L,
572 4158 707 4209 deductae
719 4158 745 4207 444

1045 4244 1059 4289 8
