3010 4738
560 379 647 392 ...-
691 347 732 411 93
775 381 861 393 ....
1046 348 1254 409 Panl.111,o.r

170 533 292 613 gauteis
314 533 427 614 legatis
447 552 484 597 ea
506 535 611 597 omnia
632 536 852 614 continentur,
877 553 958 615 quae
973 537 1138 616 capacitati
1158 537 1252 600 alicui

169 629 354 701 praeparata
370 629 461 698 sunt,
481 629 512 681 et
527 619 598 682 ideo
612 631 677 683 tam
692 623 812 702 potoria
828 639 922 701 quam
939 624 1074 702 escaria,
1099 623 1175 685 item
1191 624 1252 684 mi-

169 706 302 767 nisteria
316 706 420 768 omnia
439 704 659 787 debebantur,
683 708 784 769 ueluti
799 707 918 769 urceoli
939 708 1045 770 lances
1060 711 1185 788 patinae
1201 710 1251 790 pi-

169 793 343 871 perataria:
370 792 545 854 cochlearia
567 812 693 874 quoque
716 795 855 874 itemque
878 793 992 855 trullae
1013 795 1126 856 calices
1140 795 1251 877 scyphi

108 876 149 935 87
169 886 202 939 θῖ
216 877 266 940 his
281 877 406 939 similia.
444 878 547 940 Libris
560 878 673 960 legatis
688 888 751 941 tam
765 880 892 941 chartae
906 880 1068 941 uolumina
1080 880 1136 942 uel
1150 899 1251 942 mem·
1269 891 1289 938 a
1352 948 1357 956 .

169 963 285 1025 branae
308 971 340 1027 et
361 964 507 1046 philyrae
529 965 745 1027 continentur:
779 964 903 1029 codices
925 983 1052 1046 quoque
1073 965 1247 1028 debentur:

169 1049 323 1111 librorum
345 1051 430 1112 enim
459 1051 667 1131 appellatione
697 1069 761 1113 non
782 1052 943 1115 uolumina
965 1051 1162 1131 chartarum,
1194 1051 1251 1114 sed

109 1135 150 1194 88
169 1137 342 1217 scripturae
358 1135 471 1199 modus
486 1138 540 1216 qui
556 1148 641 1199 certo
656 1137 719 1199 fine
735 1136 933 1201 concluditur
947 1139 1141 1199 aestimatur.
1165 1133 1251 1200 Auro

169 1222 269 1302 legato
284 1241 426 1303 gemmae
445 1241 572 1303 quoque
594 1224 735 1286 inclusae
759 1224 899 1305 itemque
914 1224 1100 1303 margaritae
1121 1230 1149 1286 ct
1167 1241 1250 1285 sma-

169 1307 257 1388 ragdi
273 1309 375 1388 legato
391 1308 519 1370 cedunt.
559 1308 615 1371 sed
634 1311 733 1390 magis
749 1318 796 1371 θεῖ
816 1310 988 1372 uoluntatis
1003 1329 1072 1372 esse
1088 1311 1250 1390 quaestio·
1270 1321 1308 1365 to

169 1412 258 1455 nem:
283 1395 451 1456 liniectum
473 1396 558 1456 euim
578 1414 691 1457 aarum
710 1393 897 1458 debebitur:
923 1396 1039 1457 lactum
1056 1396 1140 1457 enim
1155 1414 1250 1457 orna-

108 1480 149 1538 89
168 1488 345 1542 mentorum
369 1500 487 1561 genere
515 1483 706 1544 continetur.
759 1483 848 1543 Vasio
869 1483 1028 1561 argenteis
1049 1482 1160 1562 legatis
1182 1499 1250 1543 em-

108 1566 148 1625 90
168 1565 305 1628 blemata
317 1585 444 1647 quoque
460 1586 501 1628 ex
515 1587 590 1630 auro
602 1568 699 1629 infixa
715 1568 817 1648 legato
828 1567 956 1630 cedunt.
980 1566 1118 1649 Argento
1128 1568 1250 1648 potorio

167 1653 267 1733 legato
282 1654 386 1714 omnia
403 1671 484 1733 quae
499 1652 539 1715 ad
554 1654 735 1735 poculorum
757 1655 895 1735 speciem
911 1662 1090 1734 comparata
1104 1663 1178 1716 sunt
1193 1652 1251 1715 de-

168 1736 344 1819 bebantur,
362 1740 464 1801 ueluti
479 1749 606 1820 paterae
623 1740 737 1803 calices
752 1740 862 1821 scyphi
881 1740 998 1802 urceoli
1013 1739 1204 1821 oenophoria
1220 1752 1251 1801 et
1269 1751 1306 1796 tr>

109 1824 143 1885 91
167 1824 314 1886 conchae.
363 1825 500 1887 Carruca
523 1845 594 1889 cum
611 1827 757 1888 iunctura
779 1825 881 1906 legata
897 1826 1000 1889 mulae
1024 1843 1149 1906 quoque
1163 1826 1251 1907 lega-

166 1920 234 1986 tae,
258 1930 320 1972 ooo
335 1920 367 1973 et
386 1912 481 1973 mulio
495 1906 641 1992 uidetur,
659 1920 791 1992 propter
806 1909 993 1973 cotidianam
1008 1911 1159 1992 loquendi
1174 1930 1252 1976 oon-

93 1995 380 2060 cosuetudinem.
419 1998 679 2060 *Heressoruum
700 1998 881 2078 proprium,
907 2016 1001 2078 quem
1017 2007 1148 2060 testator
1162 1998 1251 2079 lega-

164 2082 284 2162 *uerat
299 2082 549 2146 manumittendo
559 2084 639 2144 nihil
650 2085 726 2163 agit,
745 2085 819 2163 quia
830 2084 979 2145 scientiae
990 2083 1044 2145 uel
1056 2085 1249 2163 ignorantiae

92 2162 148 2229 9lb
165 2170 254 2230 *eius
264 2169 383 2231 nullam
399 2170 518 2249 placuit
528 2168 651 2232 admitti
666 2171 830 2230 rationem.
854 2168 1011 2248 Libertus,
1030 2172 1085 2250 qui
1097 2171 1130 2231 in
1142 2171 1248 2249 priore
1267 2179 1306 2224 ῖῖ

167 2253 276 2336 *parte
291 2257 471 2317 testamenti
487 2256 624 2337 legatum
635 2264 799 2335 acceperat
815 2263 847 2317 θῖ
861 2255 1003 2335 ingratus
1018 2265 1126 2336 postea
1138 2255 1247 2317 eadem

165 2340 341 2421 *scriptura
363 2360 380 2403 a
402 2350 552 2404 testatore
579 2341 756 2422 appellatus
778 2349 843 2420 est,
875 2350 1063 2403 commutata
1085 2341 1248 2403 uoluntate

107 2429 147 2489 92
165 2427 337 2489 *actionem
355 2446 396 2489 ex
418 2437 604 2490 testamento
620 2426 738 2489 habere
761 2445 824 2489 non
839 2427 974 2508 potest*
1018 2427 1146 2489 Prolatis
1161 2427 1248 2490 codi-

96 2548 106 2565 ι
166 2513 246 2575 cillis
261 2514 314 2575 uel
336 2514 397 2575 alio
413 2523 616 2593 testamento,
642 2512 759 2594 quihus
773 2513 955 2594 ademptum
978 2524 1027 2576 est
1041 2514 1180 2594 legatum
1196 2515 1246 2575 uel

166 2608 251 2661 certe
266 2600 446 2680 rescissum,
464 2618 631 2682 perperam
647 2600 751 2661 soluto
766 2609 967 2681 repetuntur.
1265 2610 1304 2656 tt

396 2821 446 2904 [vu
492 2842 526 2884 oa
548 2841 656 2909 uonrrs
677 2839 766 2884 cursa
788 2822 1016 2904 nouarroarrvs]

129 2945 140 3002 t
250 2943 356 3005 Mortis
371 2961 464 3005 causa
479 2942 574 3005 donat
589 2943 644 3023 qui
661 2942 701 3004 ad
717 2941 835 3005 bellum
850 2942 1057 3023 proficiscitur
1072 2952 1103 3004 θῖ
1118 2942 1173 3023 qui
1188 2961 1248 3004 na·
1333 2956 1336 2961 ·

164 3031 268 3109 uigat‚
294 3049 330 3090 ea
346 3030 465 3092 scilicet
487 3028 687 3108 condicione,
705 3039 757 3108 ut,
777 3031 804 3091 si
820 3048 968 3091 reuersus
984 3026 1096 3106 luerit,
1115 3027 1176 3090 sihi
1193 3048 1249 3101 re7

126 3117 144 3176 Ξ
164 3116 321 3194 manetur,
340 3117 367 3177 si
382 3116 533 3196 perierit,
551 3134 651 3196 penes
666 3134 739 3177 eum
755 3125 916 3178 remaneat
931 3116 983 3177 cui
998 3115 1138 3178 donauit.
1183 3115 1249 3176 Do-

164 3344 167 3349 «
176 3336 352 3353 x‘xJWVVVWVxN.
758 3335 1245 3354 mmmmwivvvvwxvmmxx

234 3478 259 3536 o,
273 3478 320 3523 or·
332 3496 363 3519 =
378 3477 437 3539 uro.
453 3478 495 3537 to,
510 3479 536 3538 a,
550 3479 582 3525 aa
612 3475 623 3539 1
654 3479 679 3538 s,
693 3472 741 3525 orb
753 3496 785 3519 =
800 3476 859 3539 nep.
874 3478 916 3540 aa,
933 3479 957 3538 t,
971 3479 1003 3526 aa

1197 3662 1243 3674 um»

232 3818 418 3883 apotiorall,
438 3819 605 3883 potatorial
651 3817 662 3879 11
710 3820 899 3884 tpatinaell,
918 3819 1048 3883 pateneL
1083 3818 1094 3881 11
1128 3831 1249 3884 ρθρθεθν

162 3889 231 3939 laria
244 3889 280 3946 M,
299 3888 496 3953 piperatariab
525 3887 536 3949 11
566 3886 785 3938 lcocliariaMl
813 3889 825 3952 11
854 3887 1005 3952 tphllyrae
1018 3886 1148 3945 deiectus,
1162 3886 1248 3952 phyl-

161 3956 233 4007 lidae
245 3957 343 4007 codices
377 3956 388 4018 11
424 3957 842 4020 tmargaritaeasmaragdiidl
883 3957 895 4020 1
937 3960 964 4004 tt
986 3954 1243 4017 enimpostiaotum

163 4025 449 4076 mesapotamia
469 4026 593 4075 mmor
608 4027 912 4076 monadotmro'dttse
957 4024 970 4087 11
1015 4029 1047 4074 tt
1072 4024 1191 4075 enoicria
1210 4025 1244 4087 h,

162 4092 311 4144 enoleraria
325 4094 352 4144 M
386 4094 397 4157 11
435 4097 465 4142 47
485 4092 549 4157 non]
564 4107 615 4144 neo
627 4107 682 4144 non
693 4094 723 4154 t,
738 4107 787 4144 om.
804 4095 846 4146 M:
860 4093 945 4143 mulio
957 4096 1049 4143 autem
1060 4106 1115 4143 non
1127 4093 1250 4147 debetur

163 4163 344 4224 interpretatio
371 4163 382 4225 11
412 4165 443 4211 st
463 4162 589 4227 adempto
601 4165 642 4213 est
652 4162 740 4227 legato
752 4164 801 4213 Ml
830 4162 841 4225 1
872 4166 903 4211 2⁸
922 4162 1079 4213 solutlsML
