<?xml version="1.0" encoding="UTF-8"?>
<!DOCTYPE html PUBLIC "-//W3C//DTD XHTML 1.0 Transitional//EN"
    "http://www.w3.org/TR/xhtml1/DTD/xhtml1-transitional.dtd">
<html xmlns="http://www.w3.org/1999/xhtml" xml:lang="en" lang="en">
 <head>
  <title>
</title>
<meta http-equiv="Content-Type" content="text/html;charset=utf-8" />
  <meta name='ocr-system' content='tesseract 3.04.00' />
  <meta name='ocr-capabilities' content='ocr_page ocr_carea ocr_par ocr_line ocrx_word'/>
</head>
<body>
  <div class='ocr_page' id='page_1' title='image "./collectiolibror02paulgoog_0176.png"; bbox 0 0 3010 4738; ppageno 0'>
   <div class='ocr_carea' id='block_1_1' title="bbox 585 350 1289 424">
    <p class='ocr_par' dir='ltr' id='par_1_1' title="bbox 585 350 1289 424">
     <span class='ocr_line' id='line_1_1' title="bbox 585 350 1289 424; baseline 0.001 -25"><span class='ocrx_word' id='word_1_1' title='bbox 585 388 671 399; x_wconf 90' lang='grc'>....</span> <span class='ocrx_word' id='word_1_2' title='bbox 716 353 775 416; x_wconf 82' lang='grc'>163</span> <span class='ocrx_word' id='word_1_3' title='bbox 821 387 906 399; x_wconf 89' lang='grc'>.....</span> <span class='ocrx_word' id='word_1_4' title='bbox 1104 355 1141 404; x_wconf 88' lang='lat' dir='ltr'>De</span> <span class='ocrx_word' id='word_1_5' title='bbox 1155 355 1213 403; x_wconf 91' lang='lat' dir='ltr'>iure</span> <span class='ocrx_word' id='word_1_6' title='bbox 1225 350 1289 424; x_wconf 36' lang='lat' dir='ltr'>fisci.</span> 
     </span>
    </p>
   </div>
   <div class='ocr_carea' id='block_1_2' title="bbox 250 541 1245 962">
    <p class='ocr_par' dir='ltr' id='par_1_2' title="bbox 250 541 1245 962">
     <span class='ocr_line' id='line_1_2' title="bbox 250 541 1243 619; baseline -0.004 -13"><span class='ocrx_word' id='word_1_7' title='bbox 250 549 402 607; x_wconf 83' lang='lat' dir='ltr'>columnae</span> <span class='ocrx_word' id='word_1_8' title='bbox 424 553 545 618; x_wconf 81' lang='lat' dir='ltr'>quartae</span> <span class='ocrx_word' id='word_1_9' title='bbox 567 550 647 604; x_wconf 86' lang='lat' dir='ltr'>initio</span> <span class='ocrx_word' id='word_1_10' title='bbox 669 548 819 619; x_wconf 74' lang='lat' dir='ltr'>leguntur,</span> <span class='ocrx_word' id='word_1_11' title='bbox 854 547 984 603; x_wconf 89' lang='lat' dir='ltr'>eiusdem</span> <span class='ocrx_word' id='word_1_12' title='bbox 1013 554 1108 604; x_wconf 89' lang='lat' dir='ltr'>tamen</span> <span class='ocrx_word' id='word_1_13' title='bbox 1130 541 1243 619; x_wconf 88' lang='lat' dir='ltr'>periodi</span> 
     </span>
     <span class='ocr_line' id='line_1_3' title="bbox 251 634 1173 692; baseline -0.007 0"><span class='ocrx_word' id='word_1_14' title='bbox 251 652 314 692; x_wconf 89' lang='lat' dir='ltr'>esse</span> <span class='ocrx_word' id='word_1_15' title='bbox 330 634 493 690; x_wconf 86' lang='lat' dir='ltr'>uideantur.</span> <span class='ocrx_word' id='word_1_16' title='bbox 1171 640 1173 645; x_wconf 79' lang='grc'><strong>“</strong></span> 
     </span>
     <span class='ocr_line' id='line_1_4' title="bbox 337 718 1239 792; baseline -0.003 -15"><span class='ocrx_word' id='word_1_17' title='bbox 337 721 484 792; x_wconf 82' lang='lat' dir='ltr'>Scriptura</span> <span class='ocrx_word' id='word_1_18' title='bbox 510 719 617 775; x_wconf 88' lang='lat' dir='ltr'>codicis</span> <span class='ocrx_word' id='word_1_19' title='bbox 642 719 703 776; x_wconf 89' lang='lat' dir='ltr'>iere</span> <span class='ocrx_word' id='word_1_20' title='bbox 729 718 765 774; x_wconf 94' lang='lat' dir='ltr'>ad</span> <span class='ocrx_word' id='word_1_21' title='bbox 787 719 901 774; x_wconf 88' lang='lat' dir='ltr'>V—-Vll</span> <span class='ocrx_word' id='word_1_22' title='bbox 931 719 1080 775; x_wconf 89' lang='lat' dir='ltr'>saeculum</span> <span class='ocrx_word' id='word_1_23' title='bbox 1105 721 1239 790; x_wconf 90' lang='lat' dir='ltr'>pertinet.</span> 
     </span>
     <span class='ocr_line' id='line_1_5' title="bbox 251 803 1245 877; baseline -0.003 -15"><span class='ocrx_word' id='word_1_24' title='bbox 251 808 403 877; x_wconf 78' lang='lat' dir='ltr'>imaginem</span> <span class='ocrx_word' id='word_1_25' title='bbox 418 806 552 862; x_wconf 86' lang='lat' dir='ltr'>loliorum</span> <span class='ocrx_word' id='word_1_26' title='bbox 568 803 685 861; x_wconf 77' lang='lat' dir='ltr'>exhibet</span> <span class='ocrx_word' id='word_1_27' title='bbox 700 804 786 860; x_wconf 88' lang='lat' dir='ltr'>editio</span> <span class='ocrx_word' id='word_1_28' title='bbox 802 821 875 875; x_wconf 87' lang='lat' dir='ltr'>mea,</span> <span class='ocrx_word' id='word_1_29' title='bbox 895 807 942 860; x_wconf 90' lang='lat' dir='ltr'>cui</span> <span class='ocrx_word' id='word_1_30' title='bbox 957 806 1056 861; x_wconf 88' lang='lat' dir='ltr'>titulus</span> <span class='ocrx_word' id='word_1_31' title='bbox 1072 811 1129 860; x_wconf 90' lang='lat' dir='ltr'>est:</span> <span class='ocrx_word' id='word_1_32' title='bbox 1155 805 1245 876; x_wconf 82' lang='lat' dir='ltr'>Frag-</span> 
     </span>
     <span class='ocr_line' id='line_1_6' title="bbox 253 891 1109 962; baseline -0.005 -13"><span class='ocrx_word' id='word_1_33' title='bbox 253 900 379 950; x_wconf 88' lang='lat' dir='ltr'>mentum</span> <span class='ocrx_word' id='word_1_34' title='bbox 395 891 431 947; x_wconf 96' lang='lat' dir='ltr'>de</span> <span class='ocrx_word' id='word_1_35' title='bbox 446 894 509 947; x_wconf 89' lang='lat' dir='ltr'>iure</span> <span class='ocrx_word' id='word_1_36' title='bbox 525 891 587 947; x_wconf 87' lang='lat' dir='ltr'>fisci</span> <span class='ocrx_word' id='word_1_37' title='bbox 603 891 649 946; x_wconf 89' lang='lat' dir='ltr'>ed.</span> <span class='ocrx_word' id='word_1_38' title='bbox 669 892 699 945; x_wconf 90' lang='lat' dir='ltr'>P.</span> <span class='ocrx_word' id='word_1_39' title='bbox 719 891 860 961; x_wconf 81' lang='lat' dir='ltr'>Krueger.</span> <span class='ocrx_word' id='word_1_40' title='bbox 885 891 996 962; x_wconf 88' lang='lat' dir='ltr'>Lipsiae</span> <span class='ocrx_word' id='word_1_41' title='bbox 1016 894 1109 948; x_wconf 86' lang='grc'>1868.</span> 
     </span>
    </p>
   </div>
   <div class='ocr_carea' id='block_1_3' title="bbox 655 1109 847 1172">
    <p class='ocr_par' dir='ltr' id='par_1_3' title="bbox 655 1109 847 1172">
     <span class='ocr_line' id='line_1_7' title="bbox 655 1109 847 1172; baseline -0.01 0"><span class='ocrx_word' id='word_1_42' title='bbox 655 1109 750 1172; x_wconf 85' lang='lat' dir='ltr'><em>FOLI</em></span> <span class='ocrx_word' id='word_1_43' title='bbox 753 1110 809 1171; x_wconf 86' lang='lat' dir='ltr'>VM</span> <span class='ocrx_word' id='word_1_44' title='bbox 827 1109 847 1169; x_wconf 88' lang='lat' dir='ltr'><em>I</em></span> 
     </span>
    </p>
   </div>
   <div class='ocr_carea' id='block_1_4' title="bbox 171 1228 1325 1995">
    <p class='ocr_par' dir='ltr' id='par_1_4' title="bbox 174 1228 1291 1481">
     <span class='ocr_line' id='line_1_8' title="bbox 174 1228 1291 1314; baseline -0.002 -24"><span class='ocrx_word' id='word_1_45' title='bbox 174 1233 186 1290; x_wconf 88' lang='lat' dir='ltr'>l</span> <span class='ocrx_word' id='word_1_46' title='bbox 212 1234 361 1314; x_wconf 65' lang='lat' dir='ltr'>lernam</span> <span class='ocrx_word' id='word_1_47' title='bbox 382 1248 496 1310; x_wconf 89' lang='lat' dir='ltr'>capere</span> <span class='ocrx_word' id='word_1_48' title='bbox 518 1246 643 1308; x_wconf 68' lang='lat' dir='ltr'>possea.</span> <span class='ocrx_word' id='word_1_49' title='bbox 681 1228 797 1291; x_wconf 90' lang='lat' dir='ltr'>Heredi</span> <span class='ocrx_word' id='word_1_50' title='bbox 819 1228 889 1290; x_wconf 92' lang='lat' dir='ltr'>eius</span> <span class='ocrx_word' id='word_1_51' title='bbox 909 1229 964 1309; x_wconf 91' lang='lat' dir='ltr'>qui</span> <span class='ocrx_word' id='word_1_52' title='bbox 987 1246 1100 1309; x_wconf 79' lang='lat' dir='ltr'>capere</span> <span class='ocrx_word' id='word_1_53' title='bbox 1121 1246 1185 1290; x_wconf 90' lang='lat' dir='ltr'>non</span> <span class='ocrx_word' id='word_1_54' title='bbox 1199 1235 1291 1308; x_wconf 90' lang='lat' dir='ltr'>pote·</span> 
     </span>
     <span class='ocr_line' id='line_1_9' title="bbox 211 1312 1291 1396; baseline -0.004 -18"><span class='ocrx_word' id='word_1_55' title='bbox 211 1326 259 1379; x_wconf 89' lang='lat' dir='ltr'>rat</span> <span class='ocrx_word' id='word_1_56' title='bbox 275 1315 437 1379; x_wconf 77' lang='lat' dir='ltr'>deferendi</span> <span class='ocrx_word' id='word_1_57' title='bbox 453 1323 591 1396; x_wconf 88' lang='lat' dir='ltr'>potestas</span> <span class='ocrx_word' id='word_1_58' title='bbox 607 1333 754 1376; x_wconf 85' lang='lat' dir='ltr'>concessa</span> <span class='ocrx_word' id='word_1_59' title='bbox 768 1334 829 1376; x_wconf 85' lang='lat' dir='ltr'>auu</span> <span class='ocrx_word' id='word_1_60' title='bbox 844 1324 909 1394; x_wconf 89' lang='lat' dir='ltr'>est,</span> <span class='ocrx_word' id='word_1_61' title='bbox 934 1316 996 1376; x_wconf 86' lang='lat' dir='ltr'>nisi</span> <span class='ocrx_word' id='word_1_62' title='bbox 1011 1316 1041 1376; x_wconf 78' lang='lat' dir='ltr'>si</span> <span class='ocrx_word' id='word_1_63' title='bbox 1053 1312 1177 1376; x_wconf 88' lang='lat' dir='ltr'>ostendi</span> <span class='ocrx_word' id='word_1_64' title='bbox 1192 1315 1291 1395; x_wconf 92' lang='lat' dir='ltr'>possit</span> 
     </span>
     <span class='ocr_line' id='line_1_10' title="bbox 210 1399 1288 1481; baseline -0.005 -16"><span class='ocrx_word' id='word_1_65' title='bbox 210 1405 279 1465; x_wconf 89' lang='lat' dir='ltr'>eius</span> <span class='ocrx_word' id='word_1_66' title='bbox 306 1403 472 1464; x_wconf 81' lang='lat' dir='ltr'>uoluntatis</span> <span class='ocrx_word' id='word_1_67' title='bbox 498 1400 673 1463; x_wconf 88' lang='lat' dir='ltr'>decessisse</span> <span class='ocrx_word' id='word_1_68' title='bbox 699 1399 894 1481; x_wconf 81' lang='lat' dir='ltr'>defunctum,</span> <span class='ocrx_word' id='word_1_69' title='bbox 923 1408 958 1462; x_wconf 93' lang='lat' dir='ltr'>ut</span> <span class='ocrx_word' id='word_1_70' title='bbox 983 1399 1108 1463; x_wconf 81' lang='lat' dir='ltr'>deferre</span> <span class='ocrx_word' id='word_1_71' title='bbox 1131 1419 1165 1461; x_wconf 89' lang='lat' dir='ltr'>se</span> <span class='ocrx_word' id='word_1_72' title='bbox 1187 1400 1288 1462; x_wconf 86' lang='lat' dir='ltr'>uellet.</span> 
     </span>
    </p>

    <p class='ocr_par' dir='ltr' id='par_1_5' title="bbox 171 1484 1325 1656">
     <span class='ocr_line' id='line_1_11' title="bbox 171 1484 1291 1568; baseline -0.002 -19"><span class='ocrx_word' id='word_1_73' title='bbox 171 1492 192 1549; x_wconf 71' lang='lat'><strong>2</strong></span> <span class='ocrx_word' id='word_1_74' title='bbox 210 1495 387 1568; x_wconf 84' lang='lat' dir='ltr'>Antequam</span> <span class='ocrx_word' id='word_1_75' title='bbox 403 1489 476 1568; x_wconf 88' lang='lat' dir='ltr'>quis</span> <span class='ocrx_word' id='word_1_76' title='bbox 492 1487 532 1548; x_wconf 86' lang='lat' dir='ltr'>ab</span> <span class='ocrx_word' id='word_1_77' title='bbox 546 1486 606 1548; x_wconf 94' lang='lat' dir='ltr'>alio</span> <span class='ocrx_word' id='word_1_78' title='bbox 622 1486 792 1565; x_wconf 85' lang='lat' dir='ltr'>deferatur,</span> <span class='ocrx_word' id='word_1_79' title='bbox 813 1488 930 1567; x_wconf 87' lang='lat' dir='ltr'>ipsese</span> <span class='ocrx_word' id='word_1_80' title='bbox 946 1485 1070 1549; x_wconf 81' lang='lat' dir='ltr'>deferre</span> <span class='ocrx_word' id='word_1_81' title='bbox 1082 1484 1195 1548; x_wconf 89' lang='lat' dir='ltr'>debet:</span> <span class='ocrx_word' id='word_1_82' title='bbox 1215 1486 1291 1548; x_wconf 90' lang='lat' dir='ltr'>alias</span> 
     </span>
     <span class='ocr_line' id='line_1_12' title="bbox 211 1572 1325 1656; baseline -0.007 -18"><span class='ocrx_word' id='word_1_83' title='bbox 211 1594 280 1638; x_wconf 89' lang='lat' dir='ltr'>sero</span> <span class='ocrx_word' id='word_1_84' title='bbox 295 1573 335 1637; x_wconf 88' lang='lat' dir='ltr'>ad</span> <span class='ocrx_word' id='word_1_85' title='bbox 350 1575 503 1637; x_wconf 81' lang='lat' dir='ltr'>auxilium</span> <span class='ocrx_word' id='word_1_86' title='bbox 518 1573 682 1656; x_wconf 87' lang='lat' dir='ltr'>delationis</span> <span class='ocrx_word' id='word_1_87' title='bbox 698 1573 845 1653; x_wconf 75' lang='lat' dir='ltr'>confugit.</span> <span class='ocrx_word' id='word_1_88' title='bbox 886 1572 1014 1654; x_wconf 89' lang='lat' dir='ltr'>quodsi</span> <span class='ocrx_word' id='word_1_89' title='bbox 1029 1591 1088 1653; x_wconf 91' lang='lat' dir='ltr'>per</span> <span class='ocrx_word' id='word_1_90' title='bbox 1102 1589 1241 1639; x_wconf 87' lang='lat' dir='ltr'>errorem</span> <span class='ocrx_word' id='word_1_91' title='bbox 1257 1591 1292 1633; x_wconf 86' lang='lat' dir='ltr'>se</span> <span class='ocrx_word' id='word_1_92' title='bbox 1310 1582 1325 1628; x_wconf 77' lang='lat' dir='ltr'>s</span> 
     </span>
    </p>

    <p class='ocr_par' dir='ltr' id='par_1_6' title="bbox 173 1658 1294 1915">
     <span class='ocr_line' id='line_1_13' title="bbox 173 1658 1293 1740; baseline -0.002 -19"><span class='ocrx_word' id='word_1_93' title='bbox 173 1663 191 1721; x_wconf 81' lang='lat'><strong>3</strong></span> <span class='ocrx_word' id='word_1_94' title='bbox 211 1660 372 1740; x_wconf 84' lang='lat' dir='ltr'>detulerit,</span> <span class='ocrx_word' id='word_1_95' title='bbox 391 1661 471 1721; x_wconf 91' lang='lat' dir='ltr'>nihil</span> <span class='ocrx_word' id='word_1_96' title='bbox 487 1662 515 1721; x_wconf 89' lang='lat' dir='ltr'>ei</span> <span class='ocrx_word' id='word_1_97' title='bbox 531 1658 628 1722; x_wconf 84' lang='lat' dir='ltr'>officit</span> <span class='ocrx_word' id='word_1_98' title='bbox 643 1658 872 1721; x_wconf 89' lang='lat' dir='ltr'>inconsiderata</span> <span class='ocrx_word' id='word_1_99' title='bbox 889 1660 1064 1740; x_wconf 78' lang='lat' dir='ltr'>diligentia.</span> <span class='ocrx_word' id='word_1_100' title='bbox 1100 1659 1151 1720; x_wconf 89' lang='lat' dir='ltr'>lus</span> <span class='ocrx_word' id='word_1_101' title='bbox 1166 1666 1293 1739; x_wconf 89' lang='lat' dir='ltr'>patrum</span> 
     </span>
     <span class='ocr_line' id='line_1_14' title="bbox 211 1742 1293 1826; baseline -0.005 -17"><span class='ocrx_word' id='word_1_102' title='bbox 211 1768 275 1809; x_wconf 90' lang='lat' dir='ltr'>non</span> <span class='ocrx_word' id='word_1_103' title='bbox 291 1749 461 1825; x_wconf 78' lang='lat' dir='ltr'>minuitur,</span> <span class='ocrx_word' id='word_1_104' title='bbox 479 1747 506 1807; x_wconf 93' lang='lat' dir='ltr'>si</span> <span class='ocrx_word' id='word_1_105' title='bbox 521 1764 556 1807; x_wconf 92' lang='lat' dir='ltr'>se</span> <span class='ocrx_word' id='word_1_106' title='bbox 571 1747 599 1807; x_wconf 90' lang='lat' dir='ltr'>is</span> <span class='ocrx_word' id='word_1_107' title='bbox 614 1745 753 1825; x_wconf 77' lang='lat' dir='ltr'>deierat,</span> <span class='ocrx_word' id='word_1_108' title='bbox 779 1747 833 1826; x_wconf 91' lang='lat' dir='ltr'>qui</span> <span class='ocrx_word' id='word_1_109' title='bbox 849 1744 983 1808; x_wconf 90' lang='lat' dir='ltr'>solidum</span> <span class='ocrx_word' id='word_1_110' title='bbox 999 1745 1032 1807; x_wconf 91' lang='lat' dir='ltr'>id</span> <span class='ocrx_word' id='word_1_111' title='bbox 1048 1742 1134 1825; x_wconf 90' lang='lat' dir='ltr'>quod</span> <span class='ocrx_word' id='word_1_112' title='bbox 1149 1745 1293 1806; x_wconf 89' lang='lat' dir='ltr'>relictum</span> 
     </span>
     <span class='ocr_line' id='line_1_15' title="bbox 212 1831 1294 1915; baseline -0.004 -19"><span class='ocrx_word' id='word_1_113' title='bbox 212 1844 261 1896; x_wconf 89' lang='lat' dir='ltr'>est</span> <span class='ocrx_word' id='word_1_114' title='bbox 276 1853 390 1915; x_wconf 89' lang='lat' dir='ltr'>capere</span> <span class='ocrx_word' id='word_1_115' title='bbox 406 1852 470 1894; x_wconf 91' lang='lat' dir='ltr'>non</span> <span class='ocrx_word' id='word_1_116' title='bbox 484 1840 598 1912; x_wconf 90' lang='lat' dir='ltr'>potest.</span> <span class='ocrx_word' id='word_1_117' title='bbox 624 1851 700 1893; x_wconf 90' lang='lat' dir='ltr'>saue</span> <span class='ocrx_word' id='word_1_118' title='bbox 716 1834 743 1893; x_wconf 93' lang='lat' dir='ltr'>si</span> <span class='ocrx_word' id='word_1_119' title='bbox 758 1841 829 1910; x_wconf 90' lang='lat' dir='ltr'>post</span> <span class='ocrx_word' id='word_1_120' title='bbox 843 1831 929 1895; x_wconf 90' lang='lat' dir='ltr'>diem</span> <span class='ocrx_word' id='word_1_121' title='bbox 944 1831 1178 1893; x_wconf 90' lang='lat' dir='ltr'>centensimum</span> <span class='ocrx_word' id='word_1_122' title='bbox 1188 1839 1294 1912; x_wconf 85' lang='lat' dir='ltr'>patres</span> 
     </span>
    </p>

    <p class='ocr_par' dir='ltr' id='par_1_7' title="bbox 176 1914 1295 1995">
     <span class='ocr_line' id='line_1_16' title="bbox 176 1914 1295 1995; baseline 0 -16"><span class='ocrx_word' id='word_1_123' title='bbox 176 1922 193 1979; x_wconf 86' lang='lat' dir='ltr'>l</span> <span class='ocrx_word' id='word_1_124' title='bbox 213 1920 366 1981; x_wconf 89' lang='lat' dir='ltr'>caducum</span> <span class='ocrx_word' id='word_1_125' title='bbox 382 1917 556 1995; x_wconf 82' lang='lat' dir='ltr'>uindicem,</span> <span class='ocrx_word' id='word_1_126' title='bbox 583 1920 710 1978; x_wconf 91' lang='lat' dir='ltr'>omnino</span> <span class='ocrx_word' id='word_1_127' title='bbox 725 1918 798 1978; x_wconf 89' lang='lat' dir='ltr'>fisco</span> <span class='ocrx_word' id='word_1_128' title='bbox 813 1918 899 1979; x_wconf 91' lang='lat' dir='ltr'>locus</span> <span class='ocrx_word' id='word_1_129' title='bbox 914 1936 978 1978; x_wconf 89' lang='lat' dir='ltr'>non</span> <span class='ocrx_word' id='word_1_130' title='bbox 994 1925 1052 1979; x_wconf 90' lang='lat' dir='ltr'>est.</span> <span class='ocrx_word' id='word_1_131' title='bbox 1095 1919 1128 1979; x_wconf 90' lang='lat' dir='ltr'>Si</span> <span class='ocrx_word' id='word_1_132' title='bbox 1144 1936 1179 1979; x_wconf 90' lang='lat' dir='ltr'>se</span> <span class='ocrx_word' id='word_1_133' title='bbox 1194 1918 1221 1978; x_wconf 91' lang='lat' dir='ltr'>is</span> <span class='ocrx_word' id='word_1_134' title='bbox 1236 1914 1295 1979; x_wconf 90' lang='lat' dir='ltr'>de-</span> 
     </span>
    </p>
   </div>
   <div class='ocr_carea' id='block_1_5' title="bbox 161 2003 1344 2122">
    <p class='ocr_par' dir='ltr' id='par_1_8' title="bbox 161 2003 1344 2122">
     <span class='ocr_line' id='line_1_17' title="bbox 161 2003 1344 2122; baseline -0.008 -22"><span class='ocrx_word' id='word_1_135' title='bbox 161 2042 196 2101; x_wconf 70' lang='lat'>4³</span> <span class='ocrx_word' id='word_1_136' title='bbox 213 2038 306 2116; x_wconf 87' lang='lat' dir='ltr'>ferat,</span> <span class='ocrx_word' id='word_1_137' title='bbox 324 2038 376 2119; x_wconf 87' lang='lat' dir='ltr'>cui</span> <span class='ocrx_word' id='word_1_138' title='bbox 390 2003 1148 2122; x_wconf 56' lang='lat' dir='ltr'>tacinsss</span> <span class='ocrx_word' id='word_1_139' title='bbox 1164 2036 1294 2100; x_wconf 70' lang='lat' dir='ltr'>consid*</span> <span class='ocrx_word' id='word_1_140' title='bbox 1314 2048 1344 2092; x_wconf 77' lang='lat' dir='ltr'>ro</span> 
     </span>
    </p>
   </div>
   <div class='ocr_carea' id='block_1_6' title="bbox 67 2110 1346 2896">
    <p class='ocr_par' dir='ltr' id='par_1_9' title="bbox 370 2110 1295 2207">
     <span class='ocr_line' id='line_1_18' title="bbox 370 2110 1295 2207; baseline 0.003 -27"><span class='ocrx_word' id='word_1_141' title='bbox 370 2119 432 2206; x_wconf 67' lang='lat' dir='ltr'>le*</span> <span class='ocrx_word' id='word_1_142' title='bbox 448 2131 590 2184; x_wconf 90' lang='lat' dir='ltr'>ceterum</span> <span class='ocrx_word' id='word_1_143' title='bbox 621 2168 632 2181; x_wconf 47' lang='lat' dir='ltr'>s</span> <span class='ocrx_word' id='word_1_144' title='bbox 760 2120 851 2205; x_wconf 78' lang='lat' dir='ltr'>{tam</span> <span class='ocrx_word' id='word_1_145' title='bbox 866 2110 1032 2204; x_wconf 80' lang='lat' dir='ltr'>personam</span> <span class='ocrx_word' id='word_1_146' title='bbox 1203 2119 1295 2207; x_wconf 86' lang='grc'>1-</span> 
     </span>
    </p>

    <p class='ocr_par' dir='ltr' id='par_1_10' title="bbox 213 2205 1297 2292">
     <span class='ocr_line' id='line_1_19' title="bbox 213 2205 1297 2292; baseline 0 -26"><span class='ocrx_word' id='word_1_147' title='bbox 213 2244 369 2255; x_wconf 89' lang='lat'>-—-</span> <span class='ocrx_word' id='word_1_148' title='bbox 383 2228 425 2289; x_wconf 76' lang='lat' dir='ltr'>gu</span> <span class='ocrx_word' id='word_1_149' title='bbox 588 2206 592 2288; x_wconf 87' lang='grc'>1</span> <span class='ocrx_word' id='word_1_150' title='bbox 616 2230 720 2264; x_wconf 64' lang='lat' dir='ltr'>*suu*</span> <span class='ocrx_word' id='word_1_151' title='bbox 744 2210 812 2269; x_wconf 89' lang='lat' dir='ltr'>eius</span> <span class='ocrx_word' id='word_1_152' title='bbox 835 2209 881 2271; x_wconf 90' lang='lat' dir='ltr'>rei</span> <span class='ocrx_word' id='word_1_153' title='bbox 1060 2205 1064 2292; x_wconf 88' lang='grc'>1</span> <span class='ocrx_word' id='word_1_154' title='bbox 1089 2231 1172 2265; x_wconf 64' lang='lat' dir='ltr'>*ua*</span> <span class='ocrx_word' id='word_1_155' title='bbox 1195 2209 1297 2270; x_wconf 89' lang='lat' dir='ltr'>nister</span> 
     </span>
    </p>

    <p class='ocr_par' dir='ltr' id='par_1_11' title="bbox 67 2291 1292 2379">
     <span class='ocr_line' id='line_1_20' title="bbox 67 2291 1292 2379; baseline -0.005 -19"><span class='ocrx_word' id='word_1_156' title='bbox 67 2364 71 2379; x_wconf 44' lang='grc' dir='ltr'>Ι</span> <span class='ocrx_word' id='word_1_157' title='bbox 214 2316 290 2359; x_wconf 90' lang='lat' dir='ltr'>uero</span> <span class='ocrx_word' id='word_1_158' title='bbox 307 2291 430 2378; x_wconf 70' lang='lat' dir='ltr'>f*—l</span> <span class='ocrx_word' id='word_1_159' title='bbox 449 2317 467 2351; x_wconf 69' lang='lat' dir='ltr'>a</span> <span class='ocrx_word' id='word_1_160' title='bbox 492 2293 703 2376; x_wconf 76' lang='lat' dir='ltr'>quadruplum</span> <span class='ocrx_word' id='word_1_161' title='bbox 718 2317 758 2351; x_wconf 71' lang='lat' dir='ltr'>*a</span> <span class='ocrx_word' id='word_1_162' title='bbox 775 2294 780 2378; x_wconf 84' lang='grc'>1</span> <span class='ocrx_word' id='word_1_163' title='bbox 799 2318 816 2351; x_wconf 73' lang='lat' dir='ltr'>a</span> <span class='ocrx_word' id='word_1_164' title='bbox 832 2313 946 2357; x_wconf 88' lang='lat' dir='ltr'>nomen</span> <span class='ocrx_word' id='word_1_165' title='bbox 967 2296 1058 2374; x_wconf 89' lang='lat' dir='ltr'>sequi</span> <span class='ocrx_word' id='word_1_166' title='bbox 1075 2294 1176 2355; x_wconf 59' lang='lat' dir='ltr'>fisus*</span> <span class='ocrx_word' id='word_1_167' title='bbox 1194 2292 1197 2378; x_wconf 85' lang='grc'>1</span> <span class='ocrx_word' id='word_1_168' title='bbox 1216 2302 1292 2354; x_wconf 68' lang='lat' dir='ltr'>atet.</span> 
     </span>
    </p>

    <p class='ocr_par' dir='ltr' id='par_1_12' title="bbox 157 2378 1346 2551">
     <span class='ocr_line' id='line_1_21' title="bbox 157 2378 1297 2464; baseline -0.005 -20"><span class='ocrx_word' id='word_1_169' title='bbox 157 2386 161 2401; x_wconf 72' lang='grc'><strong>“</strong></span> <span class='ocrx_word' id='word_1_170' title='bbox 178 2384 196 2443; x_wconf 86' lang='grc'>5</span> <span class='ocrx_word' id='word_1_171' title='bbox 215 2385 298 2444; x_wconf 91' lang='lat' dir='ltr'>Bona</span> <span class='ocrx_word' id='word_1_172' title='bbox 321 2399 428 2443; x_wconf 84' lang='lat' dir='ltr'>eorum</span> <span class='ocrx_word' id='word_1_173' title='bbox 449 2380 506 2460; x_wconf 88' lang='lat' dir='ltr'>qui</span> <span class='ocrx_word' id='word_1_174' title='bbox 527 2398 597 2440; x_wconf 90' lang='lat' dir='ltr'>cum</span> <span class='ocrx_word' id='word_1_175' title='bbox 620 2379 695 2442; x_wconf 91' lang='lat' dir='ltr'>fisco</span> <span class='ocrx_word' id='word_1_176' title='bbox 710 2381 899 2443; x_wconf 84' lang='lat' dir='ltr'>contrahunt</span> <span class='ocrx_word' id='word_1_177' title='bbox 914 2404 954 2438; x_wconf 68' lang='lat' dir='ltr'>a*</span> <span class='ocrx_word' id='word_1_178' title='bbox 972 2378 975 2464; x_wconf 84' lang='grc'>1</span> <span class='ocrx_word' id='word_1_179' title='bbox 994 2401 1032 2442; x_wconf 70' lang='lat' dir='ltr'>*e</span> <span class='ocrx_word' id='word_1_180' title='bbox 1047 2381 1195 2442; x_wconf 87' lang='lat' dir='ltr'>uacuaria</span> <span class='ocrx_word' id='word_1_181' title='bbox 1208 2379 1297 2441; x_wconf 89' lang='lat' dir='ltr'>uelut</span> 
     </span>
     <span class='ocr_line' id='line_1_22' title="bbox 213 2463 1346 2551; baseline -0.004 -21"><span class='ocrx_word' id='word_1_182' title='bbox 213 2469 353 2551; x_wconf 77' lang='lat' dir='ltr'>pipooris</span> <span class='ocrx_word' id='word_1_183' title='bbox 368 2470 438 2529; x_wconf 84' lang='lat' dir='ltr'>iure</span> <span class='ocrx_word' id='word_1_184' title='bbox 454 2466 527 2527; x_wconf 87' lang='lat' dir='ltr'>fisco</span> <span class='ocrx_word' id='word_1_185' title='bbox 543 2465 728 2548; x_wconf 72' lang='lat' dir='ltr'>obliquatur,</span> <span class='ocrx_word' id='word_1_186' title='bbox 746 2485 810 2528; x_wconf 90' lang='lat' dir='ltr'>non</span> <span class='ocrx_word' id='word_1_187' title='bbox 825 2467 926 2529; x_wconf 92' lang='lat' dir='ltr'>solum</span> <span class='ocrx_word' id='word_1_188' title='bbox 941 2487 978 2529; x_wconf 87' lang='lat' dir='ltr'>ea</span> <span class='ocrx_word' id='word_1_189' title='bbox 994 2485 1075 2547; x_wconf 85' lang='lat' dir='ltr'>quae</span> <span class='ocrx_word' id='word_1_190' title='bbox 1090 2465 1217 2544; x_wconf 87' lang='lat' dir='ltr'>habent,</span> <span class='ocrx_word' id='word_1_191' title='bbox 1240 2463 1296 2526; x_wconf 90' lang='lat' dir='ltr'>sed</span> <span class='ocrx_word' id='word_1_192' title='bbox 1316 2474 1346 2520; x_wconf 80' lang='lat'>⁴5</span> 
     </span>
    </p>

    <p class='ocr_par' dir='ltr' id='par_1_13' title="bbox 178 2551 1293 2634">
     <span class='ocr_line' id='line_1_23' title="bbox 178 2551 1293 2634; baseline -0.004 -19"><span class='ocrx_word' id='word_1_193' title='bbox 178 2558 197 2615; x_wconf 85' lang='grc'><strong>6</strong></span> <span class='ocrx_word' id='word_1_194' title='bbox 217 2563 245 2617; x_wconf 86' lang='lat' dir='ltr'>et</span> <span class='ocrx_word' id='word_1_195' title='bbox 260 2575 296 2616; x_wconf 89' lang='lat' dir='ltr'>ea</span> <span class='ocrx_word' id='word_1_196' title='bbox 312 2573 394 2634; x_wconf 88' lang='lat' dir='ltr'>quae</span> <span class='ocrx_word' id='word_1_197' title='bbox 409 2563 518 2633; x_wconf 90' lang='lat' dir='ltr'>postea</span> <span class='ocrx_word' id='word_1_198' title='bbox 533 2551 672 2614; x_wconf 89' lang='lat' dir='ltr'>habituri</span> <span class='ocrx_word' id='word_1_199' title='bbox 688 2551 773 2614; x_wconf 86' lang='lat' dir='ltr'>sunt.</span> <span class='ocrx_word' id='word_1_200' title='bbox 805 2552 915 2617; x_wconf 87' lang='lat' dir='ltr'>Edicto</span> <span class='ocrx_word' id='word_1_201' title='bbox 931 2553 999 2615; x_wconf 93' lang='lat' dir='ltr'>diui</span> <span class='ocrx_word' id='word_1_202' title='bbox 1015 2553 1140 2614; x_wconf 90' lang='lat' dir='ltr'>Traiani</span> <span class='ocrx_word' id='word_1_203' title='bbox 1156 2558 1293 2625; x_wconf 85' lang='lat' dir='ltr'>cauetur,</span> 
     </span>
    </p>

    <p class='ocr_par' dir='ltr' id='par_1_14' title="bbox 218 2637 1297 2721">
     <span class='ocr_line' id='line_1_24' title="bbox 218 2637 1297 2721; baseline -0.006 -19"><span class='ocrx_word' id='word_1_204' title='bbox 218 2661 258 2704; x_wconf 91' lang='lat' dir='ltr'>ne</span> <span class='ocrx_word' id='word_1_205' title='bbox 280 2642 336 2721; x_wconf 88' lang='lat' dir='ltr'>qui</span> <span class='ocrx_word' id='word_1_206' title='bbox 358 2639 601 2719; x_wconf 89' lang='lat' dir='ltr'>prouincialium</span> <span class='ocrx_word' id='word_1_207' title='bbox 624 2657 694 2700; x_wconf 90' lang='lat' dir='ltr'>cum</span> <span class='ocrx_word' id='word_1_208' title='bbox 714 2639 818 2700; x_wconf 87' lang='lat' dir='ltr'>seruis</span> <span class='ocrx_word' id='word_1_209' title='bbox 839 2639 998 2701; x_wconf 87' lang='lat' dir='ltr'>fiscalibus</span> <span class='ocrx_word' id='word_1_210' title='bbox 1024 2638 1211 2701; x_wconf 89' lang='lat' dir='ltr'>contrahout</span> <span class='ocrx_word' id='word_1_211' title='bbox 1235 2637 1297 2697; x_wconf 91' lang='lat' dir='ltr'>nisi</span> 
     </span>
    </p>

    <p class='ocr_par' dir='ltr' id='par_1_15' title="bbox 172 2722 1299 2807">
     <span class='ocr_line' id='line_1_25' title="bbox 172 2722 1299 2807; baseline -0.004 -19"><span class='ocrx_word' id='word_1_212' title='bbox 172 2722 180 2740; x_wconf 81' lang='lat'><strong><em>&#39;</em></strong></span> <span class='ocrx_word' id='word_1_213' title='bbox 217 2727 402 2807; x_wconf 77' lang='lat' dir='ltr'>adsignante</span> <span class='ocrx_word' id='word_1_214' title='bbox 422 2735 640 2805; x_wconf 88' lang='lat' dir='ltr'>procuratore:</span> <span class='ocrx_word' id='word_1_215' title='bbox 667 2725 753 2804; x_wconf 91' lang='lat' dir='ltr'>quod</span> <span class='ocrx_word' id='word_1_216' title='bbox 775 2723 891 2787; x_wconf 82' lang='lat' dir='ltr'>factum</span> <span class='ocrx_word' id='word_1_217' title='bbox 913 2725 1002 2806; x_wconf 92' lang='lat' dir='ltr'>dupli</span> <span class='ocrx_word' id='word_1_218' title='bbox 1024 2724 1138 2786; x_wconf 92' lang='lat' dir='ltr'>damno</span> <span class='ocrx_word' id='word_1_219' title='bbox 1152 2723 1206 2786; x_wconf 89' lang='lat' dir='ltr'>uel</span> <span class='ocrx_word' id='word_1_220' title='bbox 1221 2723 1299 2784; x_wconf 88' lang='lat' dir='ltr'>reli-</span> 
     </span>
    </p>

    <p class='ocr_par' dir='ltr' id='par_1_16' title="bbox 218 2807 1299 2896">
     <span class='ocr_line' id='line_1_26' title="bbox 218 2807 1299 2896; baseline -0.004 -21"><span class='ocrx_word' id='word_1_221' title='bbox 218 2831 351 2894; x_wconf 89' lang='lat' dir='ltr'>quorum</span> <span class='ocrx_word' id='word_1_222' title='bbox 369 2811 568 2873; x_wconf 87' lang='lat' dir='ltr'>eacsolutione</span> <span class='ocrx_word' id='word_1_223' title='bbox 583 2821 741 2892; x_wconf 85' lang='lat' dir='ltr'>pensatur.</span> <span class='ocrx_word' id='word_1_224' title='bbox 774 2822 805 2873; x_wconf 88' lang='lat' dir='ltr'>et</span> <span class='ocrx_word' id='word_1_225' title='bbox 828 2811 899 2874; x_wconf 90' lang='lat' dir='ltr'>ideo</span> <span class='ocrx_word' id='word_1_226' title='bbox 920 2814 976 2893; x_wconf 89' lang='lat' dir='ltr'>qui</span> <span class='ocrx_word' id='word_1_227' title='bbox 998 2830 1068 2875; x_wconf 85' lang='lat' dir='ltr'>cum</span> <span class='ocrx_word' id='word_1_228' title='bbox 1082 2807 1299 2896; x_wconf 88' lang='grc'>11--</span> 
     </span>
    </p>
   </div>
   <div class='ocr_carea' id='block_1_7' title="bbox 264 2897 1349 3015">
    <p class='ocr_par' dir='ltr' id='par_1_17' title="bbox 264 2897 1349 3015">
     <span class='ocr_line' id='line_1_27' title="bbox 264 2897 955 2961; baseline -0.006 -13"><span class='ocrx_word' id='word_1_229' title='bbox 264 2901 401 2960; x_wconf 84' lang='lat' dir='ltr'>porieruut</span> <span class='ocrx_word' id='word_1_230' title='bbox 411 2897 466 2960; x_wconf 74' lang='lat' dir='ltr'>sere</span> <span class='ocrx_word' id='word_1_231' title='bbox 477 2901 495 2947; x_wconf 75' lang='lat'><strong><em>5</em></strong></span> <span class='ocrx_word' id='word_1_232' title='bbox 506 2898 630 2947; x_wconf 87' lang='lat' dir='ltr'>uersiculi</span> <span class='ocrx_word' id='word_1_233' title='bbox 951 2950 955 2961; x_wconf 35' lang='lat'><strong><em>¹</em></strong></span> 
     </span>
     <span class='ocr_line' id='line_1_28' title="bbox 837 2928 1349 3015; baseline -0.018 -22"><span class='ocrx_word' id='word_1_234' title='bbox 837 2928 997 3014; x_wconf 86' lang='grc'>1--</span> <span class='ocrx_word' id='word_1_235' title='bbox 1010 2951 1064 2992; x_wconf 94' lang='lat' dir='ltr'>um</span> <span class='ocrx_word' id='word_1_236' title='bbox 1078 2953 1119 2988; x_wconf 66' lang='lat' dir='ltr'>a*</span> <span class='ocrx_word' id='word_1_237' title='bbox 1136 2928 1141 3015; x_wconf 87' lang='grc'>1</span> <span class='ocrx_word' id='word_1_238' title='bbox 1157 2949 1299 2992; x_wconf 87' lang='lat' dir='ltr'>—cus</span> <span class='ocrx_word' id='word_1_239' title='bbox 1318 2938 1349 2984; x_wconf 78' lang='lat' dir='ltr'>ao</span> 
     </span>
    </p>
   </div>
   <div class='ocr_carea' id='block_1_8' title="bbox 219 3013 1300 3186">
    <p class='ocr_par' dir='ltr' id='par_1_18' title="bbox 219 3013 1300 3186">
     <span class='ocr_line' id='line_1_29' title="bbox 219 3013 1299 3103; baseline -0.003 -23"><span class='ocrx_word' id='word_1_240' title='bbox 219 3020 334 3081; x_wconf 67' lang='lat' dir='ltr'>idom</span> <span class='ocrx_word' id='word_1_241' title='bbox 353 3015 357 3103; x_wconf 86' lang='grc'>1</span> <span class='ocrx_word' id='word_1_242' title='bbox 528 3025 637 3078; x_wconf 89' lang='lat' dir='ltr'>contra</span> <span class='ocrx_word' id='word_1_243' title='bbox 658 3035 833 3096; x_wconf 66' lang='lat' dir='ltr'>arnousque</span> <span class='ocrx_word' id='word_1_244' title='bbox 854 3013 858 3097; x_wconf 91' lang='grc'>1</span> <span class='ocrx_word' id='word_1_245' title='bbox 874 3015 1299 3100; x_wconf 71' lang='lat' dir='ltr'>—saam—l——o</span> 
     </span>
     <span class='ocr_line' id='line_1_30' title="bbox 219 3098 1300 3186; baseline -0.005 -19"><span class='ocrx_word' id='word_1_246' title='bbox 219 3100 505 3184; x_wconf 74' lang='lat' dir='ltr'>contrax--l-—i</span> <span class='ocrx_word' id='word_1_247' title='bbox 520 3122 582 3164; x_wconf 90' lang='lat' dir='ltr'>non</span> <span class='ocrx_word' id='word_1_248' title='bbox 599 3105 632 3164; x_wconf 92' lang='lat' dir='ltr'>in</span> <span class='ocrx_word' id='word_1_249' title='bbox 645 3098 759 3186; x_wconf 61' lang='grc' dir='ltr'>(ιιι-1</span> <span class='ocrx_word' id='word_1_250' title='bbox 775 3123 836 3164; x_wconf 71' lang='lat' dir='ltr'>*u*</span> <span class='ocrx_word' id='word_1_251' title='bbox 849 3111 956 3165; x_wconf 89' lang='lat' dir='ltr'>tumen</span> <span class='ocrx_word' id='word_1_252' title='bbox 968 3121 1075 3165; x_wconf 84' lang='lat' dir='ltr'>eorum</span> <span class='ocrx_word' id='word_1_253' title='bbox 1091 3126 1131 3160; x_wconf 72' lang='lat' dir='ltr'>e*</span> <span class='ocrx_word' id='word_1_254' title='bbox 1147 3098 1153 3186; x_wconf 84' lang='grc'>1</span> <span class='ocrx_word' id='word_1_255' title='bbox 1172 3099 1211 3161; x_wconf 64' lang='lat' dir='ltr'>e*</span> <span class='ocrx_word' id='word_1_256' title='bbox 1223 3121 1300 3164; x_wconf 90' lang='lat' dir='ltr'>uere</span> 
     </span>
    </p>
   </div>
   <div class='ocr_carea' id='block_1_9' title="bbox 220 3292 947 3308">
    <p class='ocr_par' dir='ltr' id='par_1_19' title="bbox 220 3292 947 3308">
     <span class='ocr_line' id='line_1_31' title="bbox 220 3292 947 3308; baseline -0.006 1"><span class='ocrx_word' id='word_1_257' title='bbox 220 3297 269 3308; x_wconf 69' lang='grc' dir='ltr'>ΑΛΛ-</span> <span class='ocrx_word' id='word_1_258' title='bbox 273 3292 579 3308; x_wconf 58' lang='lat' dir='ltr'>wwvvvmtvwlvuthvw</span> <span class='ocrx_word' id='word_1_259' title='bbox 584 3292 610 3306; x_wconf 63' lang='lat' dir='ltr'>stt</span> <span class='ocrx_word' id='word_1_260' title='bbox 614 3292 675 3306; x_wconf 67' lang='lat' dir='ltr'>MN</span> <span class='ocrx_word' id='word_1_261' title='bbox 681 3293 691 3303; x_wconf 68' lang='lat' dir='ltr'>V·</span> <span class='ocrx_word' id='word_1_262' title='bbox 696 3293 707 3304; x_wconf 68' lang='lat' dir='ltr'>ss</span> <span class='ocrx_word' id='word_1_263' title='bbox 711 3292 947 3307; x_wconf 64' lang='lat' dir='ltr'>Whlvwvvwwvvx</span> 
     </span>
    </p>
   </div>
   <div class='ocr_carea' id='block_1_10' title="bbox 220 3409 1307 4233">
    <p class='ocr_par' dir='ltr' id='par_1_20' title="bbox 220 3409 1307 4233">
     <span class='ocr_line' id='line_1_32' title="bbox 290 3409 1300 3477; baseline -0.004 -16"><span class='ocrx_word' id='word_1_264' title='bbox 290 3413 448 3476; x_wconf 62' lang='lat' dir='ltr'>transeut]</span> <span class='ocrx_word' id='word_1_265' title='bbox 468 3415 597 3477; x_wconf 68' lang='lat' dir='ltr'>*uinquat</span> <span class='ocrx_word' id='word_1_266' title='bbox 618 3413 656 3463; x_wconf 80' lang='lat'>0?</span> <span class='ocrx_word' id='word_1_267' title='bbox 697 3411 708 3474; x_wconf 92' lang='grc'>11</span> <span class='ocrx_word' id='word_1_268' title='bbox 748 3413 806 3462; x_wconf 91' lang='lat' dir='ltr'>eius</span> <span class='ocrx_word' id='word_1_269' title='bbox 824 3414 869 3476; x_wconf 88' lang='lat' dir='ltr'>qui</span> <span class='ocrx_word' id='word_1_270' title='bbox 887 3413 924 3462; x_wconf 87' lang='lat' dir='ltr'>bis</span> <span class='ocrx_word' id='word_1_271' title='bbox 944 3412 976 3464; x_wconf 73' lang='lat'>(5²</span> <span class='ocrx_word' id='word_1_272' title='bbox 1016 3412 1027 3475; x_wconf 97' lang='grc'>11</span> <span class='ocrx_word' id='word_1_273' title='bbox 1069 3415 1156 3462; x_wconf 70' lang='grc' dir='ltr'>Ξηου</span> <span class='ocrx_word' id='word_1_274' title='bbox 1176 3409 1300 3472; x_wconf 74' lang='lat' dir='ltr'>Sauipau,</span> 
     </span>
     <span class='ocr_line' id='line_1_33' title="bbox 220 3477 1303 3545; baseline -0.006 -12"><span class='ocrx_word' id='word_1_275' title='bbox 220 3483 309 3533; x_wconf 75' lang='lat' dir='ltr'>cmc</span> <span class='ocrx_word' id='word_1_276' title='bbox 353 3482 365 3545; x_wconf 91' lang='grc'>11</span> <span class='ocrx_word' id='word_1_277' title='bbox 413 3481 604 3532; x_wconf 73' lang='lat' dir='ltr'>udelunctum</span> <span class='ocrx_word' id='word_1_278' title='bbox 625 3481 762 3540; x_wconf 80' lang='lat' dir='ltr'>Goesclreu,</span> <span class='ocrx_word' id='word_1_279' title='bbox 782 3481 886 3530; x_wconf 68' lang='lat' dir='ltr'>desae*</span> <span class='ocrx_word' id='word_1_280' title='bbox 902 3480 1119 3531; x_wconf 67' lang='lat' dir='ltr'>uel&#39;dearaeac</span> <span class='ocrx_word' id='word_1_281' title='bbox 1163 3478 1174 3542; x_wconf 90' lang='grc'>1</span> <span class='ocrx_word' id='word_1_282' title='bbox 1220 3477 1303 3528; x_wconf 88' lang='lat' dir='ltr'>uellet</span> 
     </span>
     <span class='ocr_line' id='line_1_34' title="bbox 221 3547 1304 3614; baseline -0.006 -13"><span class='ocrx_word' id='word_1_283' title='bbox 221 3550 348 3611; x_wconf 77' lang='lat' dir='ltr'>Huschke,</span> <span class='ocrx_word' id='word_1_284' title='bbox 362 3551 451 3602; x_wconf 78' lang='lat' dir='ltr'>u-G</span> <span class='ocrx_word' id='word_1_285' title='bbox 479 3550 490 3614; x_wconf 96' lang='grc'>11</span> <span class='ocrx_word' id='word_1_286' title='bbox 520 3548 873 3600; x_wconf 81' lang='lat' dir='ltr'>iderierredehetalialias</span> <span class='ocrx_word' id='word_1_287' title='bbox 889 3549 922 3601; x_wconf 56' lang='grc' dir='ltr'>θ’</span> <span class='ocrx_word' id='word_1_288' title='bbox 949 3548 960 3612; x_wconf 92' lang='grc'>11</span> <span class='ocrx_word' id='word_1_289' title='bbox 990 3547 1192 3610; x_wconf 73' lang='lat' dir='ltr'>tconlungitO</span> <span class='ocrx_word' id='word_1_290' title='bbox 1214 3547 1225 3610; x_wconf 93' lang='grc'>11</span> <span class='ocrx_word' id='word_1_291' title='bbox 1255 3560 1304 3611; x_wconf 91' lang='lat' dir='ltr'>per</span> 
     </span>
     <span class='ocr_line' id='line_1_35' title="bbox 221 3616 1302 3681; baseline -0.006 -10"><span class='ocrx_word' id='word_1_292' title='bbox 221 3619 409 3671; x_wconf 80' lang='lat' dir='ltr'>ererroremd</span> <span class='ocrx_word' id='word_1_293' title='bbox 443 3618 454 3681; x_wconf 93' lang='grc'>11</span> <span class='ocrx_word' id='word_1_294' title='bbox 489 3618 600 3669; x_wconf 79' lang='lat' dir='ltr'>eliscus</span> <span class='ocrx_word' id='word_1_295' title='bbox 615 3618 648 3669; x_wconf 71' lang='lat'>0²</span> <span class='ocrx_word' id='word_1_296' title='bbox 682 3617 694 3681; x_wconf 90' lang='grc'>11</span> <span class='ocrx_word' id='word_1_297' title='bbox 730 3622 760 3667; x_wconf 85' lang='lat' dir='ltr'>lo</span> <span class='ocrx_word' id='word_1_298' title='bbox 780 3620 825 3667; x_wconf 89' lang='lat' dir='ltr'>cui</span> <span class='ocrx_word' id='word_1_299' title='bbox 837 3620 950 3669; x_wconf 89' lang='lat' dir='ltr'>tacitum</span> <span class='ocrx_word' id='word_1_300' title='bbox 962 3617 1204 3668; x_wconf 89' lang='lat' dir='ltr'>fideicommissum</span> <span class='ocrx_word' id='word_1_301' title='bbox 1216 3616 1302 3677; x_wconf 82' lang='lat' dir='ltr'>suppl.</span> 
     </span>
     <span class='ocr_line' id='line_1_36' title="bbox 225 3683 1304 3751; baseline -0.006 -11"><span class='ocrx_word' id='word_1_302' title='bbox 225 3689 354 3740; x_wconf 79' lang='lat' dir='ltr'>Goeselteu</span> <span class='ocrx_word' id='word_1_303' title='bbox 377 3685 388 3750; x_wconf 92' lang='grc'>11</span> <span class='ocrx_word' id='word_1_304' title='bbox 419 3687 478 3751; x_wconf 71' lang='lat' dir='ltr'>aaa]</span> <span class='ocrx_word' id='word_1_305' title='bbox 493 3701 555 3737; x_wconf 76' lang='lat' dir='ltr'>*mc</span> <span class='ocrx_word' id='word_1_306' title='bbox 570 3686 817 3749; x_wconf 76' lang='lat' dir='ltr'>(ueleuel&#39;c&#39;uelel</span> <span class='ocrx_word' id='word_1_307' title='bbox 836 3688 875 3739; x_wconf 79' lang='lat' dir='ltr'>G?</span> <span class='ocrx_word' id='word_1_308' title='bbox 904 3688 921 3751; x_wconf 90' lang='grc'>11,</span> <span class='ocrx_word' id='word_1_309' title='bbox 947 3687 1113 3736; x_wconf 69' lang='lat' dir='ltr'>reminiscar</span> <span class='ocrx_word' id='word_1_310' title='bbox 1123 3699 1189 3736; x_wconf 91' lang='lat' dir='ltr'>uero</span> <span class='ocrx_word' id='word_1_311' title='bbox 1202 3683 1304 3735; x_wconf 79' lang='lat' dir='ltr'>fraudis</span> 
     </span>
     <span class='ocr_line' id='line_1_37' title="bbox 222 3749 1305 3820; baseline -0.004 -11"><span class='ocrx_word' id='word_1_312' title='bbox 222 3761 330 3820; x_wconf 74' lang='lat' dir='ltr'>renutu</span> <span class='ocrx_word' id='word_1_313' title='bbox 341 3757 482 3807; x_wconf 81' lang='lat' dir='ltr'>Mommsen</span> <span class='ocrx_word' id='word_1_314' title='bbox 522 3756 533 3819; x_wconf 87' lang='grc'>1</span> <span class='ocrx_word' id='word_1_315' title='bbox 575 3759 605 3804; x_wconf 79' lang='grc'>13</span> <span class='ocrx_word' id='word_1_316' title='bbox 625 3755 734 3819; x_wconf 88' lang='lat' dir='ltr'>noman]</span> <span class='ocrx_word' id='word_1_317' title='bbox 755 3759 827 3806; x_wconf 81' lang='lat' dir='ltr'>nom.</span> <span class='ocrx_word' id='word_1_318' title='bbox 852 3755 876 3818; x_wconf 82' lang='lat' dir='ltr'>(i.</span> <span class='ocrx_word' id='word_1_319' title='bbox 892 3771 915 3806; x_wconf 89' lang='lat' dir='ltr'>e.</span> <span class='ocrx_word' id='word_1_320' title='bbox 929 3769 1028 3807; x_wconf 89' lang='lat' dir='ltr'>nomen</span> <span class='ocrx_word' id='word_1_321' title='bbox 1046 3756 1088 3804; x_wconf 84' lang='lat' dir='ltr'>uel</span> <span class='ocrx_word' id='word_1_322' title='bbox 1105 3754 1223 3817; x_wconf 80' lang='lat' dir='ltr'>nomine)</span> <span class='ocrx_word' id='word_1_323' title='bbox 1248 3753 1268 3805; x_wconf 87' lang='lat' dir='ltr'><strong><em>C</em></strong></span> <span class='ocrx_word' id='word_1_324' title='bbox 1294 3749 1305 3818; x_wconf 94' lang='grc' dir='ltr'>1Ι</span> 
     </span>
     <span class='ocr_line' id='line_1_38' title="bbox 224 3822 1306 3890; baseline -0.005 -15"><span class='ocrx_word' id='word_1_325' title='bbox 224 3830 254 3877; x_wconf 79' lang='lat' dir='ltr'>li</span> <span class='ocrx_word' id='word_1_326' title='bbox 268 3827 327 3890; x_wconf 81' lang='lat' dir='ltr'>lege</span> <span class='ocrx_word' id='word_1_327' title='bbox 338 3825 511 3876; x_wconf 85' lang='lat' dir='ltr'>uicesimaria</span> <span class='ocrx_word' id='word_1_328' title='bbox 528 3825 584 3887; x_wconf 79' lang='lat' dir='ltr'>(pro</span> <span class='ocrx_word' id='word_1_329' title='bbox 595 3824 733 3886; x_wconf 88' lang='lat' dir='ltr'>uacuaria)</span> <span class='ocrx_word' id='word_1_330' title='bbox 748 3825 876 3889; x_wconf 68' lang='lat' dir='ltr'>Boeclriup</span> <span class='ocrx_word' id='word_1_331' title='bbox 898 3824 909 3888; x_wconf 94' lang='grc'>11</span> <span class='ocrx_word' id='word_1_332' title='bbox 940 3828 970 3874; x_wconf 80' lang='lat' dir='ltr'>lit</span> <span class='ocrx_word' id='word_1_333' title='bbox 984 3824 1105 3889; x_wconf 83' lang='lat' dir='ltr'>pignoris</span> <span class='ocrx_word' id='word_1_334' title='bbox 1118 3828 1143 3874; x_wconf 82' lang='lat' dir='ltr'>et</span> <span class='ocrx_word' id='word_1_335' title='bbox 1153 3822 1306 3887; x_wconf 79' lang='lat' dir='ltr'>obligantur</span> 
     </span>
     <span class='ocr_line' id='line_1_39' title="bbox 222 3892 1305 3957; baseline -0.006 -11"><span class='ocrx_word' id='word_1_336' title='bbox 222 3898 335 3946; x_wconf 76' lang='lat' dir='ltr'>restituit</span> <span class='ocrx_word' id='word_1_337' title='bbox 352 3895 427 3946; x_wconf 83' lang='lat' dir='ltr'>lleise</span> <span class='ocrx_word' id='word_1_338' title='bbox 455 3893 467 3956; x_wconf 95' lang='grc'>11</span> <span class='ocrx_word' id='word_1_339' title='bbox 496 3892 577 3944; x_wconf 86' lang='lat' dir='ltr'>habet</span> <span class='ocrx_word' id='word_1_340' title='bbox 592 3893 624 3944; x_wconf 78' lang='lat' dir='ltr'>C·</span> <span class='ocrx_word' id='word_1_341' title='bbox 655 3892 666 3956; x_wconf 91' lang='grc'>11</span> <span class='ocrx_word' id='word_1_342' title='bbox 703 3897 734 3942; x_wconf 80' lang='grc'>46</span> <span class='ocrx_word' id='word_1_343' title='bbox 747 3897 774 3943; x_wconf 90' lang='lat' dir='ltr'>et</span> <span class='ocrx_word' id='word_1_344' title='bbox 785 3893 909 3953; x_wconf 78' lang='lat' dir='ltr'>Huschke,</span> <span class='ocrx_word' id='word_1_345' title='bbox 925 3893 1012 3945; x_wconf 74' lang='lat' dir='ltr'>cmc</span> <span class='ocrx_word' id='word_1_346' title='bbox 1039 3892 1051 3957; x_wconf 89' lang='grc'>11</span> <span class='ocrx_word' id='word_1_347' title='bbox 1080 3892 1305 3957; x_wconf 83' lang='lat' dir='ltr'>quaoposteabis</span> 
     </span>
     <span class='ocr_line' id='line_1_40' title="bbox 226 3960 1307 4029; baseline -0.006 -13"><span class='ocrx_word' id='word_1_348' title='bbox 226 3964 259 4016; x_wconf 71' lang='lat'>0²</span> <span class='ocrx_word' id='word_1_349' title='bbox 298 3964 310 4029; x_wconf 87' lang='grc'>1</span> <span class='ocrx_word' id='word_1_350' title='bbox 352 3967 383 4013; x_wconf 77' lang='grc'>48</span> <span class='ocrx_word' id='word_1_351' title='bbox 402 3962 512 4026; x_wconf 83' lang='lat' dir='ltr'>lactum]</span> <span class='ocrx_word' id='word_1_352' title='bbox 532 3965 568 4011; x_wconf 84' lang='lat' dir='ltr'>sic</span> <span class='ocrx_word' id='word_1_353' title='bbox 579 3964 623 4012; x_wconf 82' lang='lat' dir='ltr'>uel</span> <span class='ocrx_word' id='word_1_354' title='bbox 633 3960 736 4013; x_wconf 84' lang='lat' dir='ltr'>lactum</span> <span class='ocrx_word' id='word_1_355' title='bbox 748 3977 765 4009; x_wconf 71' lang='lat' dir='ltr'>a</span> <span class='ocrx_word' id='word_1_356' title='bbox 779 3961 814 4012; x_wconf 82' lang='lat' dir='ltr'>C:</span> <span class='ocrx_word' id='word_1_357' title='bbox 831 3963 942 4024; x_wconf 74' lang='lat' dir='ltr'>sortosse</span> <span class='ocrx_word' id='word_1_358' title='bbox 960 3961 1034 4025; x_wconf 89' lang='lat' dir='ltr'>quod</span> <span class='ocrx_word' id='word_1_359' title='bbox 1046 3964 1141 4012; x_wconf 82' lang='lat' dir='ltr'>contra</span> <span class='ocrx_word' id='word_1_360' title='bbox 1153 3960 1253 4012; x_wconf 84' lang='lat' dir='ltr'>lactum</span> <span class='ocrx_word' id='word_1_361' title='bbox 1265 3962 1307 4010; x_wconf 89' lang='lat' dir='ltr'>est</span> 
     </span>
     <span class='ocr_line' id='line_1_41' title="bbox 223 4026 1305 4096; baseline -0.002 -14"><span class='ocrx_word' id='word_1_362' title='bbox 223 4046 275 4082; x_wconf 89' lang='lat' dir='ltr'>scr.</span> <span class='ocrx_word' id='word_1_363' title='bbox 292 4033 427 4093; x_wconf 87' lang='lat' dir='ltr'>(similiter</span> <span class='ocrx_word' id='word_1_364' title='bbox 439 4030 563 4094; x_wconf 75' lang='lat' dir='ltr'>Huschke)</span> <span class='ocrx_word' id='word_1_365' title='bbox 596 4030 607 4094; x_wconf 90' lang='grc'>1</span> <span class='ocrx_word' id='word_1_366' title='bbox 637 4034 669 4080; x_wconf 80' lang='lat' dir='ltr'>io</span> <span class='ocrx_word' id='word_1_367' title='bbox 688 4030 855 4082; x_wconf 82' lang='lat' dir='ltr'>exsolutione</span> <span class='ocrx_word' id='word_1_368' title='bbox 868 4031 1025 4091; x_wconf 79' lang='lat' dir='ltr'>Lachmann,</span> <span class='ocrx_word' id='word_1_369' title='bbox 1039 4031 1099 4081; x_wconf 88' lang='lat' dir='ltr'>eius</span> <span class='ocrx_word' id='word_1_370' title='bbox 1111 4030 1245 4082; x_wconf 90' lang='lat' dir='ltr'>solutione</span> <span class='ocrx_word' id='word_1_371' title='bbox 1261 4026 1305 4096; x_wconf 75' lang='grc'>011</span> 
     </span>
     <span class='ocr_line' id='line_1_42' title="bbox 222 4097 1307 4165; baseline 0.001 -16"><span class='ocrx_word' id='word_1_372' title='bbox 222 4113 272 4163; x_wconf 85' lang='lat' dir='ltr'>pro</span> <span class='ocrx_word' id='word_1_373' title='bbox 283 4104 414 4165; x_wconf 84' lang='lat' dir='ltr'>pensatur</span> <span class='ocrx_word' id='word_1_374' title='bbox 426 4104 474 4164; x_wconf 86' lang='lat' dir='ltr'>(sic</span> <span class='ocrx_word' id='word_1_375' title='bbox 489 4100 629 4162; x_wconf 76' lang='lat' dir='ltr'>Goesrieu)</span> <span class='ocrx_word' id='word_1_376' title='bbox 645 4103 730 4162; x_wconf 86' lang='lat' dir='ltr'>possis</span> <span class='ocrx_word' id='word_1_377' title='bbox 743 4102 819 4150; x_wconf 85' lang='lat' dir='ltr'>etium</span> <span class='ocrx_word' id='word_1_378' title='bbox 829 4097 954 4162; x_wconf 87' lang='lat' dir='ltr'>pulsatur</span> <span class='ocrx_word' id='word_1_379' title='bbox 964 4102 1101 4151; x_wconf 78' lang='lat' dir='ltr'>restituere</span> <span class='ocrx_word' id='word_1_380' title='bbox 1140 4099 1152 4165; x_wconf 91' lang='grc'>11</span> <span class='ocrx_word' id='word_1_381' title='bbox 1193 4103 1221 4148; x_wconf 71' lang='grc' dir='ltr'><strong>Μ</strong></span> <span class='ocrx_word' id='word_1_382' title='bbox 1244 4099 1307 4150; x_wconf 90' lang='lat' dir='ltr'>ido-</span> 
     </span>
     <span class='ocr_line' id='line_1_43' title="bbox 225 4167 1066 4233; baseline 0.002 -15"><span class='ocrx_word' id='word_1_383' title='bbox 225 4170 302 4219; x_wconf 75' lang='lat' dir='ltr'>nea?</span> <span class='ocrx_word' id='word_1_384' title='bbox 330 4170 342 4233; x_wconf 90' lang='grc'>11</span> <span class='ocrx_word' id='word_1_385' title='bbox 372 4173 404 4219; x_wconf 71' lang='lat'>22</span> <span class='ocrx_word' id='word_1_386' title='bbox 423 4169 545 4233; x_wconf 74' lang='lat' dir='ltr'>contrari]</span> <span class='ocrx_word' id='word_1_387' title='bbox 565 4172 659 4222; x_wconf 87' lang='lat' dir='ltr'>contra</span> <span class='ocrx_word' id='word_1_388' title='bbox 672 4183 705 4220; x_wconf 83' lang='lat' dir='ltr'>ax</span> <span class='ocrx_word' id='word_1_389' title='bbox 720 4169 752 4220; x_wconf 66' lang='grc' dir='ltr'>0Ε</span> <span class='ocrx_word' id='word_1_390' title='bbox 781 4169 792 4231; x_wconf 94' lang='grc'>11</span> <span class='ocrx_word' id='word_1_391' title='bbox 822 4167 929 4231; x_wconf 63' lang='lat' dir='ltr'>seuere]</span> <span class='ocrx_word' id='word_1_392' title='bbox 945 4170 1066 4221; x_wconf 72' lang='lat' dir='ltr'>cauere?</span> 
     </span>
    </p>
   </div>
   <div class='ocr_carea' id='block_1_11' title="bbox 1047 4253 1102 4303">
    <p class='ocr_par' dir='ltr' id='par_1_21' title="bbox 1047 4253 1102 4303">
     <span class='ocr_line' id='line_1_44' title="bbox 1047 4253 1102 4303; baseline 0.018 -1"><span class='ocrx_word' id='word_1_393' title='bbox 1047 4253 1102 4303; x_wconf 79' lang='lat' dir='ltr'>ll*</span> 
     </span>
    </p>
   </div>
   <div class='ocr_carea' id='block_1_12' title="bbox 0 0 1530 4738">
    <p class='ocr_par' dir='ltr' id='par_1_22' title="bbox 0 0 1530 4738">
     <span class='ocr_line' id='line_1_45' title="bbox 0 0 1530 4738; baseline 0 0"><span class='ocrx_word' id='word_1_394' title='bbox 0 0 1530 4738; x_wconf 95' lang='lat' dir='ltr'> </span> 
     </span>
    </p>
   </div>
  </div>
 </body>
</html>
