3006 4736
566 379 654 393 -..
697 349 737 410 65
781 383 867 395 -..
1033 349 1107 401 Ρ444.
1121 351 1154 411 44,
1171 353 1210 400 44.
1227 354 1257 399 ta

176 540 265 598 *meo
280 535 422 617 deposita
437 536 574 617 pecunia
591 536 618 597 is
633 554 732 616 penes
749 555 844 617 quem
861 536 1001 618 deposita
1017 548 1066 601 est
1080 549 1205 619 utatur,
1223 550 1259 602 ut

175 625 228 683 *iu
251 624 366 684 ceteris
380 622 481 684 bonae
497 621 571 683 fidei
593 620 720 683 iudiciis
740 641 853 685 usuras
869 624 938 685 eius
952 627 1080 686 nomine
1096 635 1259 707 praestare

140 711 158 768 6
175 709 274 770 *mihi
289 710 420 789 cogitur.
446 707 496 768 Ob
511 707 737 788 res'depositas
748 707 840 770 dolus
856 719 977 771 tautum
994 714 1149 790 praestari
1165 714 1255 774 solet.
1293 768 1297 777 .

15 782 17 785 ⁵
126 797 159 855 64
175 797 286 856 *Latae
301 796 411 875 culpae
427 793 499 854 finis
515 802 640 855 estnon
657 796 844 874 intellegere
860 795 894 857 id
909 795 994 875 quod
1009 815 1117 859 omues
1131 799 1259 861 intelle·

139 880 305 960 7*gunt·.*
346 882 381 941 ln
403 879 519 941 iudicio
542 879 679 960 depositi
700 899 739 941 ex
761 900 845 942 mora
873 890 905 943 et
926 881 1046 943 fructus
1070 885 1205 947 ueniunt
1225 895 1290 947 ott

139 969 157 1026 8
176 986 292 1028 usurae
307 967 353 1028 rei
369 965 530 1044 depositae
546 974 759 1046 praestantur.
797 968 849 1028 *Si
866 968 937 1047 quis
952 987 1020 1029 rem
1036 987 1135 1048 penes
1150 988 1184 1030 se
1200 970 1259 1033 de-

175 1054 326 1132 *positam
341 1051 427 1132 apud
441 1053 538 1113 alium
553 1051 753 1133 deposuerit,
771 1062 834 1113 tam
851 1055 917 1134 ipse
933 1053 1102 1132 directam,
1121 1073 1213 1135 quam
1231 1058 1258 1117 is

175 1139 250 1219 *qui
265 1138 351 1219 apud
367 1157 439 1199 eum
451 1138 598 1218 deposuit
613 1139 722 1199 utilem
738 1141 893 1202 actionem
910 1140 1043 1221 depositi
1055 1139 1173 1203 habere
1184 1161 1259 1221 pos-

140 1227 157 1285 9
174 1227 278 1286 *sunt
318 1225 351 1286 Si
367 1225 534 1305 pecuniam
549 1223 724 1305 deposuero
740 1244 835 1306 eaque
848 1228 895 1288 444
909 1225 967 1287 tibi
983 1229 1168 1307 permisero,
1187 1246 1259 1289 mu·

173 1314 246 1375 *tua
266 1311 366 1391 magis
387 1310 518 1372 uidetur
539 1328 632 1390 quam
653 1310 814 1390 deposita,
839 1331 876 1374 ao
896 1331 954 1392 per
967 1313 1026 1374 hoo
1045 1313 1188 1394 periculo
1205 1323 1258 1374 444
1277 1324 1307 1369 44

119 1398 155 1465 ld
174 1397 264 1458 *erit
311 1397 344 1458 Si
367 1416 435 1458 rem
455 1396 549 1477 apud·
562 1406 593 1460 44
614 1396 789 1477 depositam
810 1398 994 1461 uendideris
1016 1417 1149 1479 eamque
1172 1407 1259 1480 post-

173 1485 284 1563 *qucm
310 1481 485 1545 redemeris
512 1482 710 1563 perdideris,
749 1484 848 1545 semel
875 1484 1012 1547 admisso
1041 1483 1110 1546 dolo
1138 1505 1259 1566 perpe-

118 1571 152 1628 44
174 1570 245 1631 *tua
261 1568 396 1649 depositi
411 1570 534 1631 actione
550 1567 724 1631 teneberis.
764 1571 812 1631 Ex
826 1589 920 1633 causa
935 1570 1071 1651 depositi
1092 1572 1162 1652 lege
1178 1571 1259 1635 duo-

174 1654 296 1717 *decim
316 1654 495 1717 tabularum
513 1657 546 1716 in
561 1654 694 1736 duplum
710 1657 788 1718 actio
805 1655 916 1733 datur,
935 1656 1038 1719 edicto
1054 1659 1209 1738 praetoris
1225 1660 1256 1718 iu

118 1743 155 1803 44
173 1742 374 1821 *simplum*
411 1742 445 1803 lu
462 1760 556 1804 causa
580 1741 715 1821 depositi
738 1745 986 1824 compensationi
1008 1744 1094 1807 locus
1116 1754 1253 1823 nonest,
1278 1754 1308 1799 ⁴⁵

174 1827 231 1889 sed
246 1847 297 1889 res
312 1830 380 1907 ipsa
396 1827 633 1902 reddendaest.
706 1834 712 1855 ‘

676 1997 750 2080 [³¹1¹]

139 2120 150 2178 4
259 2117 390 2180 Debitor
411 2117 570 2180 distractis
590 2117 715 2180 fiduciis
735 2137 753 2179 a
775 2117 933 2180 creditore
955 2119 995 2180 de
1017 2120 1178 2199 superfluo
1201 2121 1259 2183 ad-

125 2205 157 2263 p
175 2221 288 2265 uersus
304 2223 376 2265 eum
400 2203 496 2265 habet
516 2206 681 2265 actionem.
720 2205 772 2265 *si
794 2215 899 2265 autem
922 2205 1044 2266 tardius
1059 2206 1257 2286 superfluum

174 2290 338 2352 *restituat
353 2291 491 2352 creditor
507 2290 539 2351 id
555 2288 639 2373 quod
656 2288 741 2370 apud
757 2309 829 2352 eum
845 2289 1024 2371 depositum
1040 2302 1098 2369 est,
1117 2311 1157 2353 ex
1172 2311 1256 2355 mora
1276 2303 1307 2348 44

174 2377 289 2437 *etiam
308 2395 422 2438 usuras
442 2375 579 2438 debitori
602 2377 659 2437 hoc
681 2378 808 2438 nomine
831 2386 991 2457 praestare
1014 2376 1174 2456 cogendus
1196 2388 1254 2438 est.

126 2457 157 2522 lb
173 2461 272 2523 *Cum
287 2461 412 2524 debitor
423 2464 557 2543 gratuita
570 2464 706 2542 pecunia
717 2472 833 2540 utatur,
854 2472 954 2543 potest
964 2462 1103 2524 creditor
1115 2461 1155 2523 444
1172 2462 1259 2525 4444-

173 2547 278 2609 *tibus
294 2550 341 2610 rei
363 2548 426 2611 sibi
447 2551 631 2629 pigneratae
645 2547 685 2610 ad
701 2548 827 2610 modum
849 2549 1026 2629 legitimum
1047 2567 1160 2610 usuras
1176 2549 1258 2610 reti-

137 2636 304 2696 2*nere.*
340 2634 505 2715 Quidquid
526 2634 665 2705 creditor
680 2654 739 2715 per
762 2634 961 2703 fiduciariam
984 2653 1114 2697 seruum
1129 2636 1258 2715 quaesi-

137 2722 154 2781 3
174 2720 232 2798 uit,
252 2729 367 2782 sortem
379 2720 480 2784 debiti
497 2722 621 2783 minuit.
647 2719 777 2782 Debitor
791 2720 939 2783 creditori
954 2720 1098 2784 uendere
1110 2720 1257 2783 fiduciam
1276 2729 1308 2776 25

175 2825 237 2867 non
253 2817 373 2886 potest:
399 2807 456 2870 sed
472 2808 526 2868 4444
542 2809 569 2868 44
585 2806 663 2869 44444
678 2806 821 2870 uendere
836 2816 962 2888 potest,
982 2809 1026 2868 ita
1046 2816 1081 2871 44
1101 2826 1141 2869 ex
1155 2809 1257 2888 pretio

175 2891 317 2956 eiusdem
333 2894 499 2974 pecuniam
521 2894 632 2955 offerat
647 2892 814 2972 creditori,
838 2903 933 2974 atque
950 2895 993 2954 ita
1012 2893 1257 2975 remancipatam
1285 2926 1287 2931 ·

102 3021 104 3025 .
138 2983 153 3041 4
174 2978 235 3039 sibi
251 2999 319 3041 rem
334 2982 467 3059 emptori
482 2988 633 3060 praestet.
673 2980 706 3041 Si
722 2998 782 3060 per
796 2980 990 3061 suppositam
1006 2998 1172 3059 personam
1187 2999 1259 3041 cre-

175 3064 259 3126 ditor
273 3066 389 3146 pignus
410 3086 503 3130 suum
520 3067 619 3128 inuito
634 3064 780 3127 debitore
795 3068 1042 3146 comparauerit,
1061 3066 1177 3144 emptio
1194 3085 1257 3127 non

175 3151 304 3214 uidetur
319 3162 350 3214 et
365 3152 436 3216 ideo
455 3152 646 3233 quandoque
661 3152 712 3239 lui
722 3161 841 3232 potest:
868 3171 908 3215 ex
922 3153 979 3214 boo
997 3153 1083 3214 enim
1097 3171 1192 3215 causa
1206 3153 1258 3234 pi·
1276 3163 1307 3208 44

245 3393 286 3451 44,
300 3393 314 3439 4
329 3410 360 3435 =
378 3391 485 3443 cottam
498 3395 540 3452 44,
555 3393 580 3452 7,
595 3394 610 3438 4
631 3389 645 3454 u
670 3395 710 3453 44,
727 3394 756 3439 sa
768 3411 799 3434 =
813 3391 872 3456 4444.
889 3394 930 3452 44,
947 3394 988 3451 44,
1003 3394 1051 3441 444
1076 3391 1087 3455 ῃ
1117 3394 1156 3451 44,
1172 3394 1252 3439 4-44

176 3459 510 3522 ε444444444,4,4-44
537 3460 549 3523 n
573 3459 886 3523 te,u=bs9.ta‚r,r
911 3460 923 3524 ῃ
947 3464 989 3522 44,
1002 3457 1145 3523 ababa.
1157 3462 1255 3521 so,e,s

1030 3596 1155 3610 ικκυνννυ
1176 3594 1258 3607 ,νη-κν

244 3679 420 3743 5444444444]
434 3680 508 3741 0444,
522 3679 626 3730 fructus
635 3681 733 3730 codices
755 3680 767 3743 ll
791 3683 989 3745 tipraestanlur
1002 3681 1076 3740 0444,
1087 3679 1258 3744 postulantur
1351 3726 1353 3733 .

124 3804 127 3808 ,
174 3752 203 3812 l,
216 3750 389 3816 postulentur
399 3750 428 3799 M
449 3749 460 3810 11
485 3753 498 3797 7
513 3748 644 3812 direptam
655 3750 752 3798 codices
776 3750 787 3813 ll
811 3754 825 3798 9
839 3764 923 3813 eaque
933 3751 1099 3809 utilitatium,
1113 3761 1173 3797 eam
1184 3749 1257 3798 hanc

173 3834 255 3884 quem
269 3821 324 3880 (em.
337 3822 365 3868 44
374 3819 435 3884 que)
452 3817 666 3882 sollemnique
678 3816 763 3867 Coti.W
776 3818 855 3870 Coti.v
875 3819 886 3883 ΙΙ
906 3820 1057 3884 promisero
1071 3817 1156 3867 Coll.w
1166 3816 1256 3879 Colla,

175 3890 352 3939 commissero
373 3887 453 3938 coar
498 3887 509 3950 ll
556 3890 583 3934 44
605 3889 749 3952 postquam
768 3888 925 3951 redemeris]
946 3886 1096 3936 redemeris
1112 3887 1256 3950 postquam

178 3958 265 4019 coita,
285 3958 388 4008 rodem.
404 3969 462 4007 eam
478 3958 622 4021 postquam
643 3955 739 4017 Cottw,
760 3957 863 4006 redem.
878 3969 991 4018 eamque
1005 3958 1148 4019 postquam
1167 3954 1255 4016 Cotta,

174 4028 422 4092 redemposteam
439 4025 560 4076 04444444
591 4024 602 4089 ΙΙ
636 4029 767 4089 perpetua
783 4025 871 4085 04444,
884 4027 1042 4090 perpetuam
1057 4021 1145 4083 Colli),
1159 4037 1258 4088 perpe-

174 4100 221 4147 tuo
237 4096 323 4147 cottv
361 4095 372 4157 ll
412 4099 441 4143 ti
461 4095 595 4144 rubricam
606 4093 641 4143 de
654 4094 712 4157 lege
725 4095 922 4154 commissoris,
936 4104 1014 4153 qaam
1026 4093 1123 4142 codices
1135 4090 1257 4158 4444444

173 4171 198 4216 44
211 4168 225 4214 6
238 4168 364 4221 turmot,
378 4165 437 4213 44444
449 4165 504 4213 4444
514 4165 684 4213 restituerunt
695 4164 752 4212 cdd.

1033 4250 1055 4310 ⁵,
