3010 4738
409 1351 411 1356 ·
484 1336 487 1342 ’
519 1324 566 1406 Μ.
595 1322 783 1407 VALlllill
808 1321 943 1405 PROBI

446 1517 498 1577 nu
519 1516 633 1577 noris
655 1515 755 1583 ivnis
777 1511 1012 1575 nmcuuom

317 1712 350 1766 ln
365 1708 450 1767 Probi
465 1711 604 1781 opusculo
620 1708 656 1765 de
671 1712 746 1767 notis
761 1709 831 1764 iuris
847 1706 959 1764 edendo
974 1709 1225 1765 Mommsenianam

235 1798 388 1854 editionem
403 1797 520 1853 alteram
535 1798 625 1853 secuti
640 1812 757 1863 sumuS,
777 1810 851 1866 quae
866 1800 977 1865 partem
993 1794 1059 1850 facit
1074 1793 1226 1850 Gramma-

234 1885 356 1940 ticorum
371 1883 534 1938 Latinorum
550 1880 586 1938 ab
603 1883 635 1937 H.
655 1883 746 1938 Keilio
767 1881 953 1937 collectorum
979 1873 1098 1956 (Lipsiae
1112 1881 1171 1938 nol.
1191 1881 1226 1936 lV
1254 1901 1257 1906 ·

240 1971 317 2025 1864
334 1984 365 2038 p.
378 1972 433 2024 tit
450 1961 544 2044 som).
569 1967 678 2038 pendet
689 1973 785 2022 autem
800 1967 880 2022 crisis
894 1967 924 2021 in
939 1964 1032 2022 Probo
1048 1967 1225 2023 restituendo
1317 1960 1323 1985 ⁶

236 2054 411 2123 exercenda,
437 2058 469 2108 ut
482 2054 639 2109 Mommsen
654 2053 816 2124 perspexit,
843 2066 879 2107 ex
899 2051 1014 2109 duobus
1031 2051 1226 2109 subsidiorum

235 2138 404 2210 generibus:
424 2155 548 2211 quorum
563 2139 683 2194 alterum
697 2139 767 2208 ipsis
782 2139 823 2193 eis
838 2135 985 2193 codicibus
997 2138 1129 2217 elficitur,
1149 2155 1226 2209 quo·
1259 2149 1262 2153 ’

235 2242 301 2281 rum
323 2227 373 2296 qui
394 2224 480 2281 hodie
501 2225 586 2295 periit
607 2223 781 2296 archetypus
803 2220 887 2280 Probi
909 2223 946 2278 de
968 2225 1044 2280 notis
1066 2240 1139 2293 opus
1160 2226 1227 2294 plus

235 2313 368 2367 minusue
379 2313 521 2382 iutegmm
532 2311 720 2367 continuerat.
746 2326 781 2365 ex
792 2310 837 2365 his
849 2307 996 2366 codicibus
1004 2310 1225 2366 Mommseniana

236 2397 322 2453 editio
336 2395 458 2454 duobus·
466 2398 646 2468 potissimum
661 2397 759 2451 nititur
773 2397 887 2452 saeculo
899 2396 951 2451 XV
965 2402 1088 2452 exeunte
1104 2397 1150 2451 uel
1162 2397 1225 2452 XVI

236 2485 388 2554 incipiente
410 2484 596 2554 conscriptis:
625 2482 814 2540 Ambrosiano
837 2483 851 2537 J
875 2486 933 2540 ll5
954 2498 1019 2553 sup.
1046 2488 1075 2537 et
1097 2482 1226 2538 Romano

235 2569 370 2639 chigiano
386 2571 407 2626 l.
426 2570 472 2626 Vl.
493 2573 563 2639 aot,
591 2573 641 2640 qui
656 2566 741 2624 Probi
763 2568 959 2624 collectionem
981 2570 1010 2624 in
1025 2569 1081 2624 tine
1096 2569 1226 2624 mutilam

217 2657 371 2712 tradunt:
388 2656 510 2711 alterum
525 2653 719 2711 subsidiorum
734 2670 825 2725 genus
839 2658 949 2725 primus
965 2660 994 2710 et
1008 2654 1115 2710 detexit
1130 2661 1159 2710 et
1173 2655 1227 2709 ad-

234 2741 328 2798 hibuit
349 2742 523 2798 Mommsen:
552 2744 603 2812 qui
625 2757 692 2797 cum
713 2741 919 2811 additamenta,
946 2739 1053 2811 quibus
1074 2742 1104 2795 in
1125 2740 1226 2798 codice

235 2827 404 2884 Einsidlensi
422 2833 481 2887 326
496 2842 571 2884 saec.
591 2828 620 2882 X
641 2832 775 2883 notarum
796 2827 904 2899 sylloge
919 2843 994 2897 quae
1008 2827 1095 2897 uulgo
1111 2828 1227 2897 Papiani

235 2914 340 2971 dicitur
353 2920 438 2971 aucta
453 2920 511 2983 est,
538 2930 573 2969 ex
587 2910 681 2970 Probo
703 2919 817 2983 sumpta
839 2928 903 2969 esse
918 2913 1122 2981 intellexisset,
1147 2912 1227 2968 hunc

235 3000 363 3057 codicem
384 3015 444 3056 non
465 3000 558 3056 solum
580 3000 617 3055 ad
632 2998 825 3056 emendandas
840 3015 888 3055 eas
903 3004 1000 3069 partes
1015 2996 1100 3056 Probi
1115 2998 1223 3070 operiS,

185 3105 186 3108 ¹
235 3102 307 3157 quas
321 3102 409 3158 supra
424 3086 490 3142 dicti
513 3087 627 3142 codices
649 3086 879 3155 complectuntur
900 3083 1048 3151 adhibuit,
1073 3085 1227 3141 sedetiam
1253 3096 1255 3101 '

235 3188 284 3228 eas
306 3171 391 3228 Probi
412 3179 511 3242 notas,
538 3188 613 3243 quae
635 3173 664 3226 in
687 3169 914 3226 Einsidlensibus
936 3171 1136 3227 additamentis
1158 3173 1227 3243 solis
1321 3166 1325 3179 ¹

234 3260 421 3314 inueniuntur
433 3265 462 3314 et
477 3275 511 3314 ex
525 3259 679 3329 integriore
695 3252 798 3327 eisqui
812 3256 899 3313 hodie
916 3262 1012 3312 extant
1026 3256 1109 3313 Probi
1126 3248 1226 3313 codice

235 3349 381 3400 auctorem
396 3344 581 3400 Einsidlensis
596 3344 774 3400 collectionis
788 3343 918 3399 hausisse
935 3342 1142 3411 demonstrant,
1164 3343 1226 3400 col-

234 3429 307 3485 lecta
322 3430 514 3500 supplementi
528 3430 614 3487 modo
629 3429 749 3484 addidit.
789 3444 846 3500 quo
868 3429 1070 3499 supplemento
1092 3436 1123 3485 ut
1148 3436 1226 3485 reete

234 3519 359 3582 utamur,
378 3515 534 3570 tenendum
546 3522 589 3571 est
600 3514 784 3570 Einsidlensis
796 3516 972 3571 collectionis
983 3520 1130 3571 auctorem
1140 3513 1226 3570 Probi

235 3601 427 3670 notaspassim
438 3603 469 3656 in
480 3599 560 3656 binas
572 3601 619 3657 uel
631 3607 727 3656 ternas
739 3601 923 3670 discerpsisse
935 3609 965 3656 et
975 3601 1135 3657 secundum
1146 3600 1226 3657 litte·

234 3702 333 3742 rarum
348 3686 489 3753 ordinem,
508 3702 595 3757 quem
609 3692 669 3743 tota
683 3687 812 3742 collectio
823 3687 1009 3743 Einsidlensis
1024 3702 1090 3742 cum
1100 3686 1225 3756 Papiano

234 3773 376 3844 sequitur,
391 3773 521 3843 Papianis
533 3773 606 3829 notis
616 3773 781 3829 inseruisse.
807 3775 846 3828 ita
857 3789 887 3828 u.
902 3789 931 3843 g.
946 3780 1031 3830 notae
1042 3770 1127 3828 Probi
1140 3778 1168 3841 3,
1188 3776 1225 3829 tt

235 3859 267 3916 S·
292 3858 326 3926 Q·
344 3859 376 3914 S·
393 3857 425 3915 S·
443 3860 477 3914 E·
496 3858 531 3926 Q·
547 3860 585 3917 N·
602 3861 627 3914 l·
644 3858 677 3914 S·
694 3860 728 3915 lt·
745 3859 779 3914 E·
797 3858 833 3913 H·
850 3860 884 3915 L·
901 3859 939 3915 N·
956 3859 991 3914 ll·
1014 3860 1040 3914 εἰ
1062 3859 1129 3931 quid
1150 3861 1227 3914 socri

235 3947 327 4002 sancti
341 3953 391 4013 est,
418 3946 491 4018 quod
506 3947 638 4002 uooiure
652 3946 843 4016 subrogatum,
871 3946 930 4001 eius
946 3945 999 4000 hoc
1015 3944 1160 4016 legenihil
1174 3961 1226 4000 ro-

130 4060 133 4067 *
234 4038 320 4102 gutur
333 4033 362 4087 in
378 4031 548 4087 Einsidlensi
564 4030 635 4087 baec
649 4031 703 4086 tria
718 4030 874 4101 fragmenta
891 4035 997 4098 extant,
1016 4030 1070 4087 sub
1086 4031 1180 4085 littera
1193 4030 1221 4086 S:

237 4116 269 4173 S·
288 4116 322 4184 Q·
339 4117 372 4173 S·
390 4117 422 4173 S·
440 4119 473 4173 Ε·
498 4119 598 4215 siparis
613 4119 689 4173 sacri
702 4120 794 4173 sancti
809 4123 858 4186 eet,
885 4114 939 4171 sub
961 4115 1055 4172 littera
1073 4115 1112 4185 Q:
1139 4115 1174 4183 Q·
1191 4117 1224 4173 S·
