<?xml version="1.0" encoding="UTF-8"?>
<!DOCTYPE html PUBLIC "-//W3C//DTD XHTML 1.0 Transitional//EN"
    "http://www.w3.org/TR/xhtml1/DTD/xhtml1-transitional.dtd">
<html xmlns="http://www.w3.org/1999/xhtml" xml:lang="en" lang="en">
 <head>
  <title>
</title>
<meta http-equiv="Content-Type" content="text/html;charset=utf-8" />
  <meta name='ocr-system' content='tesseract 3.04.00' />
  <meta name='ocr-capabilities' content='ocr_page ocr_carea ocr_par ocr_line ocrx_word'/>
</head>
<body>
  <div class='ocr_page' id='page_1' title='image "./collectiolibror02paulgoog_0026.png"; bbox 0 0 3006 4736; ppageno 0'>
   <div class='ocr_carea' id='block_1_1' title="bbox 573 329 1262 393">
    <p class='ocr_par' dir='ltr' id='par_1_1' title="bbox 573 329 1262 393">
     <span class='ocr_line' id='line_1_1' title="bbox 573 329 1262 393; baseline 0.007 -19"><span class='ocrx_word' id='word_1_1' title='bbox 573 362 656 374; x_wconf 84' lang='grc'>...-</span> <span class='ocrx_word' id='word_1_2' title='bbox 705 330 743 392; x_wconf 84' lang='lat'>13</span> <span class='ocrx_word' id='word_1_3' title='bbox 787 362 874 375; x_wconf 82' lang='grc'>.-.</span> <span class='ocrx_word' id='word_1_4' title='bbox 1132 329 1191 393; x_wconf 91' lang='lat' dir='ltr'>le.</span> <span class='ocrx_word' id='word_1_5' title='bbox 1208 332 1262 379; x_wconf 76' lang='grc'>’11</span> 
     </span>
    </p>
   </div>
   <div class='ocr_carea' id='block_1_2' title="bbox 128 516 1314 1547">
    <p class='ocr_par' dir='ltr' id='par_1_2' title="bbox 181 516 1296 677">
     <span class='ocr_line' id='line_1_2' title="bbox 182 516 1264 600; baseline 0 -18"><span class='ocrx_word' id='word_1_6' title='bbox 182 518 388 600; x_wconf 87' lang='lat' dir='ltr'>impenderit,</span> <span class='ocrx_word' id='word_1_7' title='bbox 414 518 550 580; x_wconf 90' lang='lat' dir='ltr'>diuortio</span> <span class='ocrx_word' id='word_1_8' title='bbox 572 516 652 580; x_wconf 87' lang='lat' dir='ltr'>iacto</span> <span class='ocrx_word' id='word_1_9' title='bbox 674 537 711 581; x_wconf 89' lang='lat' dir='ltr'>eo</span> <span class='ocrx_word' id='word_1_10' title='bbox 725 519 852 579; x_wconf 88' lang='lat' dir='ltr'>nomine</span> <span class='ocrx_word' id='word_1_11' title='bbox 868 537 981 580; x_wconf 88' lang='lat' dir='ltr'>cauere</span> <span class='ocrx_word' id='word_1_12' title='bbox 997 517 1058 580; x_wconf 88' lang='lat' dir='ltr'>sibi</span> <span class='ocrx_word' id='word_1_13' title='bbox 1072 520 1148 580; x_wconf 83' lang='lat' dir='ltr'>solet</span> <span class='ocrx_word' id='word_1_14' title='bbox 1162 521 1264 598; x_wconf 90' lang='grc'>311113·</span> 
     </span>
     <span class='ocr_line' id='line_1_3' title="bbox 181 604 1296 677; baseline -0.003 -9"><span class='ocrx_word' id='word_1_15' title='bbox 181 608 302 677; x_wconf 88' lang='lat' dir='ltr'>latione·</span> <span class='ocrx_word' id='word_1_16' title='bbox 311 604 494 668; x_wconf 91' lang='lat' dir='ltr'>tribunicia.</span> <span class='ocrx_word' id='word_1_17' title='bbox 1294 611 1296 616; x_wconf 82' lang='grc'><em>“</em></span> 
     </span>
    </p>

    <p class='ocr_par' dir='ltr' id='par_1_3' title="bbox 146 690 1295 1204">
     <span class='ocr_line' id='line_1_4' title="bbox 146 690 1263 773; baseline 0.004 -24"><span class='ocrx_word' id='word_1_18' title='bbox 146 691 162 749; x_wconf 86' lang='grc'>1</span> <span class='ocrx_word' id='word_1_19' title='bbox 267 693 302 753; x_wconf 91' lang='lat' dir='ltr'>In</span> <span class='ocrx_word' id='word_1_20' title='bbox 332 700 486 773; x_wconf 74' lang='lat' dir='ltr'>potestate</span> <span class='ocrx_word' id='word_1_21' title='bbox 516 700 684 771; x_wconf 91' lang='lat' dir='ltr'>parentum</span> <span class='ocrx_word' id='word_1_22' title='bbox 712 701 787 753; x_wconf 88' lang='lat' dir='ltr'>sunt</span> <span class='ocrx_word' id='word_1_23' title='bbox 812 691 906 752; x_wconf 91' lang='lat' dir='ltr'>etiam</span> <span class='ocrx_word' id='word_1_24' title='bbox 932 690 965 751; x_wconf 92' lang='lat' dir='ltr'>hi</span> <span class='ocrx_word' id='word_1_25' title='bbox 991 690 1096 770; x_wconf 88' lang='lat' dir='ltr'>liberi,</span> <span class='ocrx_word' id='word_1_26' title='bbox 1129 710 1263 772; x_wconf 89' lang='lat' dir='ltr'>quorum</span> 
     </span>
     <span class='ocr_line' id='line_1_5' title="bbox 182 778 1263 858; baseline -0.002 -18"><span class='ocrx_word' id='word_1_27' title='bbox 182 798 275 840; x_wconf 90' lang='lat' dir='ltr'>causa</span> <span class='ocrx_word' id='word_1_28' title='bbox 296 778 430 858; x_wconf 90' lang='lat' dir='ltr'>probata</span> <span class='ocrx_word' id='word_1_29' title='bbox 451 789 515 855; x_wconf 83' lang='lat' dir='ltr'>est,</span> <span class='ocrx_word' id='word_1_30' title='bbox 541 797 599 858; x_wconf 93' lang='lat' dir='ltr'>per</span> <span class='ocrx_word' id='word_1_31' title='bbox 622 796 759 839; x_wconf 91' lang='lat' dir='ltr'>errorem</span> <span class='ocrx_word' id='word_1_32' title='bbox 783 786 940 838; x_wconf 87' lang='lat' dir='ltr'>contracto</span> <span class='ocrx_word' id='word_1_33' title='bbox 963 778 1159 838; x_wconf 91' lang='lat' dir='ltr'>matrimonio</span> <span class='ocrx_word' id='word_1_34' title='bbox 1179 780 1263 839; x_wconf 89' lang='lat' dir='ltr'>inter</span> 
     </span>
     <span class='ocr_line' id='line_1_6' title="bbox 182 863 1295 945; baseline -0.006 -19"><span class='ocrx_word' id='word_1_35' title='bbox 182 865 319 945; x_wconf 91' lang='lat' dir='ltr'>disparis</span> <span class='ocrx_word' id='word_1_36' title='bbox 340 864 530 926; x_wconf 81' lang='lat' dir='ltr'>condicionis</span> <span class='ocrx_word' id='word_1_37' title='bbox 551 882 719 944; x_wconf 81' lang='lat' dir='ltr'><strong>personas:</strong></span> <span class='ocrx_word' id='word_1_38' title='bbox 745 882 819 925; x_wconf 91' lang='lat' dir='ltr'>nam</span> <span class='ocrx_word' id='word_1_39' title='bbox 841 882 898 924; x_wconf 90' lang='grc'>333</span> <span class='ocrx_word' id='word_1_40' title='bbox 913 863 993 924; x_wconf 87' lang='grc'>31313</span> <span class='ocrx_word' id='word_1_41' title='bbox 1007 863 1164 925; x_wconf 87' lang='lat' dir='ltr'>Romanus</span> <span class='ocrx_word' id='word_1_42' title='bbox 1180 866 1295 925; x_wconf 82' lang='lat' dir='ltr'>Lati-a</span> 
     </span>
     <span class='ocr_line' id='line_1_7' title="bbox 182 948 1263 1035; baseline 0 -24"><span class='ocrx_word' id='word_1_43' title='bbox 182 970 253 1013; x_wconf 90' lang='lat' dir='ltr'>nam</span> <span class='ocrx_word' id='word_1_44' title='bbox 274 960 329 1013; x_wconf 88' lang='lat' dir='ltr'>aut</span> <span class='ocrx_word' id='word_1_45' title='bbox 349 952 549 1035; x_wconf 77' lang='lat' dir='ltr'><strong>peregrinam</strong></span> <span class='ocrx_word' id='word_1_46' title='bbox 571 950 625 1011; x_wconf 93' lang='lat' dir='ltr'>uel</span> <span class='ocrx_word' id='word_1_47' title='bbox 647 969 714 1011; x_wconf 91' lang='lat' dir='ltr'>eam</span> <span class='ocrx_word' id='word_1_48' title='bbox 737 968 819 1030; x_wconf 89' lang='lat' dir='ltr'>quae</span> <span class='ocrx_word' id='word_1_49' title='bbox 835 948 1054 1012; x_wconf 79' lang='lat' dir='ltr'>dediticiorum</span> <span class='ocrx_word' id='word_1_50' title='bbox 1071 967 1199 1010; x_wconf 90' lang='lat' dir='ltr'>numero</span> <span class='ocrx_word' id='word_1_51' title='bbox 1216 960 1263 1012; x_wconf 91' lang='lat' dir='ltr'>est</span> 
     </span>
     <span class='ocr_line' id='line_1_8' title="bbox 181 1034 1264 1118; baseline -0.002 -19"><span class='ocrx_word' id='word_1_52' title='bbox 181 1039 270 1118; x_wconf 89' lang='lat' dir='ltr'>quasi</span> <span class='ocrx_word' id='word_1_53' title='bbox 285 1038 381 1098; x_wconf 80' lang='lat' dir='ltr'>ciuem</span> <span class='ocrx_word' id='word_1_54' title='bbox 395 1036 562 1098; x_wconf 75' lang='lat' dir='ltr'><em>Romanam</em></span> <span class='ocrx_word' id='word_1_55' title='bbox 584 1055 641 1116; x_wconf 91' lang='lat' dir='ltr'>per</span> <span class='ocrx_word' id='word_1_56' title='bbox 658 1036 864 1116; x_wconf 81' lang='lat' dir='ltr'>ignorantiam</span> <span class='ocrx_word' id='word_1_57' title='bbox 879 1053 1011 1096; x_wconf 81' lang='lat' dir='ltr'>uxorem</span> <span class='ocrx_word' id='word_1_58' title='bbox 1028 1034 1171 1113; x_wconf 79' lang='lat' dir='ltr'>duxerit,</span> <span class='ocrx_word' id='word_1_59' title='bbox 1196 1038 1264 1097; x_wconf 91' lang='lat' dir='ltr'>siue</span> 
     </span>
     <span class='ocr_line' id='line_1_9' title="bbox 182 1120 1264 1204; baseline -0.004 -19"><span class='ocrx_word' id='word_1_60' title='bbox 182 1124 261 1185; x_wconf 91' lang='lat' dir='ltr'>ciuis</span> <span class='ocrx_word' id='word_1_61' title='bbox 277 1124 413 1184; x_wconf 83' lang='lat' dir='ltr'>Romana</span> <span class='ocrx_word' id='word_1_62' title='bbox 434 1142 492 1204; x_wconf 90' lang='lat' dir='ltr'>per</span> <span class='ocrx_word' id='word_1_63' title='bbox 512 1141 651 1184; x_wconf 90' lang='lat' dir='ltr'>errorem</span> <span class='ocrx_word' id='word_1_64' title='bbox 674 1123 843 1202; x_wconf 90' lang='lat' dir='ltr'>peregrino</span> <span class='ocrx_word' id='word_1_65' title='bbox 858 1121 911 1182; x_wconf 91' lang='lat' dir='ltr'>uel</span> <span class='ocrx_word' id='word_1_66' title='bbox 927 1122 956 1182; x_wconf 90' lang='lat' dir='ltr'>ei</span> <span class='ocrx_word' id='word_1_67' title='bbox 973 1123 1028 1201; x_wconf 91' lang='lat' dir='ltr'>qui</span> <span class='ocrx_word' id='word_1_68' title='bbox 1045 1120 1264 1182; x_wconf 75' lang='lat' dir='ltr'>dediticiorum</span> 
     </span>
    </p>

    <p class='ocr_par' dir='ltr' id='par_1_4' title="bbox 128 1208 1314 1547">
     <span class='ocr_line' id='line_1_10' title="bbox 128 1208 1265 1292; baseline -0.003 -22"><span class='ocrx_word' id='word_1_69' title='bbox 128 1252 129 1255; x_wconf 23' lang='lat'>¹</span> <span class='ocrx_word' id='word_1_70' title='bbox 181 1229 312 1271; x_wconf 90' lang='lat' dir='ltr'>numero</span> <span class='ocrx_word' id='word_1_71' title='bbox 336 1219 384 1271; x_wconf 92' lang='lat' dir='ltr'>est</span> <span class='ocrx_word' id='word_1_72' title='bbox 405 1210 718 1292; x_wconf 79' lang='lat' dir='ltr'>poosiciuo&#39;liomano</span> <span class='ocrx_word' id='word_1_73' title='bbox 733 1210 897 1270; x_wconf 89' lang='lat' dir='ltr'>autetiam</span> <span class='ocrx_word' id='word_1_74' title='bbox 913 1208 1004 1288; x_wconf 88' lang='lat' dir='ltr'>quasi</span> <span class='ocrx_word' id='word_1_75' title='bbox 1021 1208 1126 1269; x_wconf 88' lang='lat' dir='ltr'>Latino</span> <span class='ocrx_word' id='word_1_76' title='bbox 1142 1208 1265 1287; x_wconf 88' lang='lat' dir='ltr'>exlege</span> 
     </span>
     <span class='ocr_line' id='line_1_11' title="bbox 181 1292 1314 1375; baseline -0.009 -19"><span class='ocrx_word' id='word_1_77' title='bbox 181 1294 269 1358; x_wconf 78' lang='lat' dir='ltr'>Aelio</span> <span class='ocrx_word' id='word_1_78' title='bbox 285 1296 386 1357; x_wconf 82' lang='lat' dir='ltr'>Sentia</span> <span class='ocrx_word' id='word_1_79' title='bbox 402 1304 501 1375; x_wconf 90' lang='lat' dir='ltr'>nupta</span> <span class='ocrx_word' id='word_1_80' title='bbox 517 1295 626 1370; x_wconf 83' lang='lat' dir='ltr'>inerit,</span> <span class='ocrx_word' id='word_1_81' title='bbox 653 1313 745 1356; x_wconf 89' lang='lat' dir='ltr'>causa</span> <span class='ocrx_word' id='word_1_82' title='bbox 768 1293 899 1373; x_wconf 91' lang='lat' dir='ltr'>probata</span> <span class='ocrx_word' id='word_1_83' title='bbox 921 1295 1033 1355; x_wconf 87' lang='lat' dir='ltr'>ciuitas</span> <span class='ocrx_word' id='word_1_84' title='bbox 1048 1295 1186 1355; x_wconf 82' lang='lat' dir='ltr'>Romano</span> <span class='ocrx_word' id='word_1_85' title='bbox 1208 1292 1266 1353; x_wconf 88' lang='lat' dir='ltr'>da·</span> <span class='ocrx_word' id='word_1_86' title='bbox 1284 1303 1314 1347; x_wconf 82' lang='lat' dir='ltr'>to</span> 
     </span>
     <span class='ocr_line' id='line_1_12' title="bbox 182 1377 1264 1462; baseline -0.003 -20"><span class='ocrx_word' id='word_1_87' title='bbox 182 1392 234 1443; x_wconf 91' lang='lat' dir='ltr'>tur</span> <span class='ocrx_word' id='word_1_88' title='bbox 248 1392 310 1444; x_wconf 91' lang='lat' dir='ltr'>tam</span> <span class='ocrx_word' id='word_1_89' title='bbox 327 1381 438 1453; x_wconf 87' lang='lat' dir='ltr'>liberis</span> <span class='ocrx_word' id='word_1_90' title='bbox 453 1400 548 1461; x_wconf 86' lang='lat' dir='ltr'>quam</span> <span class='ocrx_word' id='word_1_91' title='bbox 563 1380 750 1462; x_wconf 87' lang='lat' dir='ltr'>parentibus</span> <span class='ocrx_word' id='word_1_92' title='bbox 764 1388 891 1461; x_wconf 90' lang='grc'>11133131</span> <span class='ocrx_word' id='word_1_93' title='bbox 906 1399 958 1441; x_wconf 91' lang='grc'>333</span> <span class='ocrx_word' id='word_1_94' title='bbox 974 1381 1030 1460; x_wconf 87' lang='lat' dir='ltr'>qui</span> <span class='ocrx_word' id='word_1_95' title='bbox 1045 1377 1264 1441; x_wconf 83' lang='lat' dir='ltr'>dediticiorum</span> 
     </span>
     <span class='ocr_line' id='line_1_13' title="bbox 173 1464 1187 1547; baseline -0.003 -19"><span class='ocrx_word' id='word_1_96' title='bbox 173 1484 313 1530; x_wconf 72' lang='lat' dir='ltr'>‘numero</span> <span class='ocrx_word' id='word_1_97' title='bbox 329 1479 413 1547; x_wconf 86' lang='lat' dir='ltr'>sunt,</span> <span class='ocrx_word' id='word_1_98' title='bbox 432 1479 518 1530; x_wconf 85' lang='lat' dir='ltr'>etex</span> <span class='ocrx_word' id='word_1_99' title='bbox 533 1487 569 1530; x_wconf 94' lang='lat' dir='ltr'>eo</span> <span class='ocrx_word' id='word_1_100' title='bbox 585 1468 664 1528; x_wconf 88' lang='lat' dir='ltr'>liunt</span> <span class='ocrx_word' id='word_1_101' title='bbox 680 1468 713 1528; x_wconf 91' lang='lat' dir='ltr'>in</span> <span class='ocrx_word' id='word_1_102' title='bbox 727 1476 882 1547; x_wconf 83' lang='lat' dir='ltr'>potestate</span> <span class='ocrx_word' id='word_1_103' title='bbox 899 1475 1066 1547; x_wconf 90' lang='lat' dir='ltr'>parentum</span> <span class='ocrx_word' id='word_1_104' title='bbox 1082 1464 1187 1526; x_wconf 85' lang='lat' dir='ltr'>liberi.</span> 
     </span>
    </p>
   </div>
   <div class='ocr_carea' id='block_1_3' title="bbox 531 1724 916 1807">
    <p class='ocr_par' dir='ltr' id='par_1_5' title="bbox 531 1724 916 1807">
     <span class='ocr_line' id='line_1_14' title="bbox 531 1724 916 1807; baseline -0.003 -21"><span class='ocrx_word' id='word_1_105' title='bbox 531 1725 594 1807; x_wconf 80' lang='lat' dir='ltr'>[rur</span> <span class='ocrx_word' id='word_1_106' title='bbox 637 1744 673 1786; x_wconf 86' lang='grc'>33</span> <span class='ocrx_word' id='word_1_107' title='bbox 696 1724 916 1805; x_wconf 79' lang='grc'>1331331313]</span> 
     </span>
    </p>
   </div>
   <div class='ocr_carea' id='block_1_4' title="bbox 132 1862 1317 3408">
    <p class='ocr_par' dir='ltr' id='par_1_6' title="bbox 146 1862 1262 1942">
     <span class='ocr_line' id='line_1_15' title="bbox 146 1862 1262 1942; baseline -0.002 -17"><span class='ocrx_word' id='word_1_108' title='bbox 146 1865 158 1924; x_wconf 88' lang='grc'>1</span> <span class='ocrx_word' id='word_1_109' title='bbox 267 1865 334 1925; x_wconf 89' lang='grc' dir='ltr'>Ν33</span> <span class='ocrx_word' id='word_1_110' title='bbox 352 1873 476 1925; x_wconf 88' lang='grc'>1331313</span> <span class='ocrx_word' id='word_1_111' title='bbox 491 1863 652 1924; x_wconf 88' lang='lat' dir='ltr'>naturales</span> <span class='ocrx_word' id='word_1_112' title='bbox 667 1862 762 1924; x_wconf 89' lang='lat' dir='ltr'>liberi</span> <span class='ocrx_word' id='word_1_113' title='bbox 778 1862 810 1923; x_wconf 89' lang='lat' dir='ltr'>in</span> <span class='ocrx_word' id='word_1_114' title='bbox 825 1870 978 1942; x_wconf 86' lang='lat' dir='ltr'>potestate</span> <span class='ocrx_word' id='word_1_115' title='bbox 995 1869 1162 1942; x_wconf 91' lang='lat' dir='ltr'>parentum</span> <span class='ocrx_word' id='word_1_116' title='bbox 1178 1873 1262 1940; x_wconf 85' lang='lat' dir='ltr'>sunt,</span> 
     </span>
    </p>

    <p class='ocr_par' dir='ltr' id='par_1_7' title="bbox 144 1947 1315 2118">
     <span class='ocr_line' id='line_1_16' title="bbox 144 1947 1315 2034; baseline -0.003 -22"><span class='ocrx_word' id='word_1_117' title='bbox 144 1951 163 2012; x_wconf 75' lang='grc'>2</span> <span class='ocrx_word' id='word_1_118' title='bbox 183 1950 240 2014; x_wconf 89' lang='grc'>331</span> <span class='ocrx_word' id='word_1_119' title='bbox 263 1950 356 2011; x_wconf 89' lang='grc'>311313</span> <span class='ocrx_word' id='word_1_120' title='bbox 378 1950 527 2030; x_wconf 90' lang='lat' dir='ltr'>adoptiui.</span> <span class='ocrx_word' id='word_1_121' title='bbox 575 1947 708 2034; x_wconf 83' lang='lat' dir='ltr'>Adoptio</span> <span class='ocrx_word' id='word_1_122' title='bbox 739 1949 773 2009; x_wconf 86' lang='lat' dir='ltr'>fit</span> <span class='ocrx_word' id='word_1_123' title='bbox 802 1956 856 2010; x_wconf 91' lang='lat' dir='ltr'>aut</span> <span class='ocrx_word' id='word_1_124' title='bbox 876 1968 935 2028; x_wconf 94' lang='lat' dir='ltr'>per</span> <span class='ocrx_word' id='word_1_125' title='bbox 956 1948 1108 2028; x_wconf 92' lang='lat' dir='ltr'>populum</span> <span class='ocrx_word' id='word_1_126' title='bbox 1131 1959 1185 2009; x_wconf 92' lang='grc'>3111</span> <span class='ocrx_word' id='word_1_127' title='bbox 1208 1957 1315 2028; x_wconf 82' lang='grc'>113111</span> 
     </span>
     <span class='ocr_line' id='line_1_17' title="bbox 183 2033 1266 2118; baseline -0.003 -20"><span class='ocrx_word' id='word_1_128' title='bbox 183 2047 356 2118; x_wconf 90' lang='lat' dir='ltr'>praetorem</span> <span class='ocrx_word' id='word_1_129' title='bbox 373 2036 426 2098; x_wconf 90' lang='lat' dir='ltr'>uel</span> <span class='ocrx_word' id='word_1_130' title='bbox 442 2034 622 2116; x_wconf 88' lang='lat' dir='ltr'>praesidem</span> <span class='ocrx_word' id='word_1_131' title='bbox 638 2035 831 2116; x_wconf 80' lang='grc'>1133133133.</span> <span class='ocrx_word' id='word_1_132' title='bbox 872 2034 924 2094; x_wconf 91' lang='lat' dir='ltr'>illa</span> <span class='ocrx_word' id='word_1_133' title='bbox 940 2033 1084 2114; x_wconf 84' lang='lat' dir='ltr'>adoptio,</span> <span class='ocrx_word' id='word_1_134' title='bbox 1110 2052 1191 2114; x_wconf 88' lang='lat' dir='ltr'>quae</span> <span class='ocrx_word' id='word_1_135' title='bbox 1208 2053 1266 2114; x_wconf 93' lang='lat' dir='ltr'>per</span> 
     </span>
    </p>

    <p class='ocr_par' dir='ltr' id='par_1_8' title="bbox 146 2118 1266 2286">
     <span class='ocr_line' id='line_1_18' title="bbox 146 2118 1265 2203; baseline -0.003 -19"><span class='ocrx_word' id='word_1_136' title='bbox 146 2122 164 2184; x_wconf 83' lang='lat'><strong>3</strong></span> <span class='ocrx_word' id='word_1_137' title='bbox 183 2122 336 2203; x_wconf 90' lang='lat' dir='ltr'>populum</span> <span class='ocrx_word' id='word_1_138' title='bbox 352 2121 403 2198; x_wconf 85' lang='lat' dir='ltr'>fit,</span> <span class='ocrx_word' id='word_1_139' title='bbox 427 2121 607 2200; x_wconf 89' lang='lat' dir='ltr'>specialiter</span> <span class='ocrx_word' id='word_1_140' title='bbox 627 2120 787 2199; x_wconf 88' lang='lat' dir='ltr'>adrogatio</span> <span class='ocrx_word' id='word_1_141' title='bbox 802 2118 931 2180; x_wconf 92' lang='lat' dir='ltr'>dicitur.</span> <span class='ocrx_word' id='word_1_142' title='bbox 970 2120 1028 2181; x_wconf 89' lang='lat' dir='ltr'>Per</span> <span class='ocrx_word' id='word_1_143' title='bbox 1042 2121 1195 2200; x_wconf 94' lang='lat' dir='ltr'>populum</span> <span class='ocrx_word' id='word_1_144' title='bbox 1211 2123 1265 2201; x_wconf 90' lang='lat' dir='ltr'>qui</span> 
     </span>
     <span class='ocr_line' id='line_1_19' title="bbox 184 2205 1266 2286; baseline -0.002 -17"><span class='ocrx_word' id='word_1_145' title='bbox 184 2209 234 2269; x_wconf 90' lang='lat' dir='ltr'>sui</span> <span class='ocrx_word' id='word_1_146' title='bbox 250 2208 329 2268; x_wconf 89' lang='lat' dir='ltr'>iuris</span> <span class='ocrx_word' id='word_1_147' title='bbox 343 2216 417 2267; x_wconf 89' lang='lat' dir='ltr'>sunt</span> <span class='ocrx_word' id='word_1_148' title='bbox 432 2205 637 2285; x_wconf 81' lang='lat' dir='ltr'>adrogantur:</span> <span class='ocrx_word' id='word_1_149' title='bbox 663 2224 722 2286; x_wconf 91' lang='lat' dir='ltr'>per</span> <span class='ocrx_word' id='word_1_150' title='bbox 744 2213 921 2285; x_wconf 87' lang='lat' dir='ltr'>praetorem</span> <span class='ocrx_word' id='word_1_151' title='bbox 936 2215 1041 2266; x_wconf 90' lang='lat' dir='ltr'>autem</span> <span class='ocrx_word' id='word_1_152' title='bbox 1058 2205 1115 2265; x_wconf 90' lang='lat' dir='ltr'>filii</span> <span class='ocrx_word' id='word_1_153' title='bbox 1129 2206 1266 2268; x_wconf 82' lang='lat' dir='ltr'>familiae</span> 
     </span>
    </p>

    <p class='ocr_par' dir='ltr' id='par_1_9' title="bbox 148 2289 1316 2459">
     <span class='ocr_line' id='line_1_20' title="bbox 148 2289 1267 2374; baseline -0.001 -21"><span class='ocrx_word' id='word_1_154' title='bbox 148 2295 164 2353; x_wconf 87' lang='grc'>1</span> <span class='ocrx_word' id='word_1_155' title='bbox 184 2314 202 2356; x_wconf 92' lang='grc'>3</span> <span class='ocrx_word' id='word_1_156' title='bbox 224 2291 409 2374; x_wconf 90' lang='lat' dir='ltr'>parentibus</span> <span class='ocrx_word' id='word_1_157' title='bbox 431 2291 548 2353; x_wconf 91' lang='lat' dir='ltr'>dantur</span> <span class='ocrx_word' id='word_1_158' title='bbox 566 2291 600 2351; x_wconf 91' lang='lat' dir='ltr'>in</span> <span class='ocrx_word' id='word_1_159' title='bbox 614 2290 824 2372; x_wconf 85' lang='lat' dir='ltr'>adoptionem.</span> <span class='ocrx_word' id='word_1_160' title='bbox 863 2289 1030 2370; x_wconf 77' lang='lat' dir='ltr'>Adrogatio</span> <span class='ocrx_word' id='word_1_161' title='bbox 1046 2293 1159 2352; x_wconf 88' lang='lat' dir='ltr'>Romae</span> <span class='ocrx_word' id='word_1_162' title='bbox 1175 2290 1267 2352; x_wconf 85' lang='grc'>11311-</span> 
     </span>
     <span class='ocr_line' id='line_1_21' title="bbox 184 2375 1316 2459; baseline -0.01 -16"><span class='ocrx_word' id='word_1_163' title='bbox 184 2387 276 2443; x_wconf 74' lang='grc'>13331</span> <span class='ocrx_word' id='word_1_164' title='bbox 297 2379 347 2455; x_wconf 86' lang='lat' dir='ltr'>fit,</span> <span class='ocrx_word' id='word_1_165' title='bbox 374 2377 499 2458; x_wconf 88' lang='lat' dir='ltr'>adoptio</span> <span class='ocrx_word' id='word_1_166' title='bbox 520 2386 624 2438; x_wconf 90' lang='lat' dir='ltr'>autem</span> <span class='ocrx_word' id='word_1_167' title='bbox 647 2379 740 2438; x_wconf 91' lang='lat' dir='ltr'>etiam</span> <span class='ocrx_word' id='word_1_168' title='bbox 757 2377 787 2438; x_wconf 91' lang='lat' dir='ltr'>in</span> <span class='ocrx_word' id='word_1_169' title='bbox 805 2379 976 2459; x_wconf 80' lang='lat' dir='ltr'>prouinciis</span> <span class='ocrx_word' id='word_1_170' title='bbox 991 2375 1076 2455; x_wconf 90' lang='lat' dir='ltr'>apud</span> <span class='ocrx_word' id='word_1_171' title='bbox 1091 2377 1263 2456; x_wconf 80' lang='lat' dir='ltr'>praesides.</span> <span class='ocrx_word' id='word_1_172' title='bbox 1284 2387 1316 2432; x_wconf 80' lang='lat' dir='ltr'>st</span> 
     </span>
    </p>

    <p class='ocr_par' dir='ltr' id='par_1_10' title="bbox 147 2462 1268 2807">
     <span class='ocr_line' id='line_1_22' title="bbox 147 2462 1267 2546; baseline -0.002 -22"><span class='ocrx_word' id='word_1_173' title='bbox 147 2465 165 2524; x_wconf 85' lang='lat'>5</span> <span class='ocrx_word' id='word_1_174' title='bbox 184 2469 241 2528; x_wconf 88' lang='lat' dir='ltr'>Per</span> <span class='ocrx_word' id='word_1_175' title='bbox 264 2473 440 2546; x_wconf 91' lang='lat' dir='ltr'>praetorem</span> <span class='ocrx_word' id='word_1_176' title='bbox 461 2464 513 2524; x_wconf 90' lang='lat' dir='ltr'>uel</span> <span class='ocrx_word' id='word_1_177' title='bbox 534 2463 709 2543; x_wconf 89' lang='lat' dir='ltr'>praesidem</span> <span class='ocrx_word' id='word_1_178' title='bbox 732 2464 913 2544; x_wconf 91' lang='lat' dir='ltr'>prouinciae</span> <span class='ocrx_word' id='word_1_179' title='bbox 934 2462 1076 2543; x_wconf 91' lang='lat' dir='ltr'>adoptari</span> <span class='ocrx_word' id='word_1_180' title='bbox 1099 2472 1162 2523; x_wconf 92' lang='lat' dir='ltr'>tam</span> <span class='ocrx_word' id='word_1_181' title='bbox 1183 2482 1267 2523; x_wconf 90' lang='lat' dir='ltr'>mas-</span> 
     </span>
     <span class='ocr_line' id='line_1_23' title="bbox 184 2546 1268 2633; baseline -0.005 -19"><span class='ocrx_word' id='word_1_182' title='bbox 184 2553 247 2614; x_wconf 91' lang='lat' dir='ltr'>culi</span> <span class='ocrx_word' id='word_1_183' title='bbox 268 2570 364 2633; x_wconf 89' lang='lat' dir='ltr'>quam</span> <span class='ocrx_word' id='word_1_184' title='bbox 386 2550 539 2628; x_wconf 83' lang='lat' dir='ltr'>feminae,</span> <span class='ocrx_word' id='word_1_185' title='bbox 570 2560 601 2611; x_wconf 93' lang='grc'>31</span> <span class='ocrx_word' id='word_1_186' title='bbox 623 2559 687 2611; x_wconf 90' lang='lat' dir='ltr'>tam</span> <span class='ocrx_word' id='word_1_187' title='bbox 709 2549 847 2630; x_wconf 88' lang='lat' dir='ltr'>puberes</span> <span class='ocrx_word' id='word_1_188' title='bbox 870 2568 965 2629; x_wconf 89' lang='lat' dir='ltr'>quam</span> <span class='ocrx_word' id='word_1_189' title='bbox 988 2546 1172 2629; x_wconf 88' lang='lat' dir='ltr'>impuberes</span> <span class='ocrx_word' id='word_1_190' title='bbox 1194 2568 1268 2629; x_wconf 89' lang='lat' dir='ltr'>pos·</span> 
     </span>
     <span class='ocr_line' id='line_1_24' title="bbox 184 2632 1264 2718; baseline -0.006 -17"><span class='ocrx_word' id='word_1_191' title='bbox 184 2647 276 2701; x_wconf 91' lang='lat' dir='ltr'>sunt:</span> <span class='ocrx_word' id='word_1_192' title='bbox 302 2657 361 2718; x_wconf 93' lang='lat' dir='ltr'>per</span> <span class='ocrx_word' id='word_1_193' title='bbox 375 2636 528 2718; x_wconf 91' lang='lat' dir='ltr'>populum</span> <span class='ocrx_word' id='word_1_194' title='bbox 543 2656 619 2698; x_wconf 90' lang='lat' dir='ltr'>uero</span> <span class='ocrx_word' id='word_1_195' title='bbox 634 2636 809 2697; x_wconf 87' lang='lat' dir='ltr'>Romanum</span> <span class='ocrx_word' id='word_1_196' title='bbox 824 2636 960 2697; x_wconf 86' lang='lat' dir='ltr'>feminae</span> <span class='ocrx_word' id='word_1_197' title='bbox 977 2654 1040 2697; x_wconf 90' lang='lat' dir='ltr'>non</span> <span class='ocrx_word' id='word_1_198' title='bbox 1054 2632 1264 2716; x_wconf 77' lang='lat' dir='ltr'>adrogantur:</span> 
     </span>
     <span class='ocr_line' id='line_1_25' title="bbox 183 2721 1267 2807; baseline -0.005 -19"><span class='ocrx_word' id='word_1_199' title='bbox 183 2725 296 2807; x_wconf 90' lang='lat' dir='ltr'>pupilli</span> <span class='ocrx_word' id='word_1_200' title='bbox 323 2731 416 2785; x_wconf 85' lang='grc'>33133</span> <span class='ocrx_word' id='word_1_201' title='bbox 442 2722 573 2802; x_wconf 86' lang='grc'>(1311313</span> <span class='ocrx_word' id='word_1_202' title='bbox 599 2741 662 2783; x_wconf 89' lang='grc'>333</span> <span class='ocrx_word' id='word_1_203' title='bbox 689 2732 833 2802; x_wconf 91' lang='lat' dir='ltr'>poterant</span> <span class='ocrx_word' id='word_1_204' title='bbox 859 2721 1018 2802; x_wconf 80' lang='lat' dir='ltr'>adrogari,</span> <span class='ocrx_word' id='word_1_205' title='bbox 1048 2728 1134 2784; x_wconf 86' lang='lat' dir='ltr'>nunc</span> <span class='ocrx_word' id='word_1_206' title='bbox 1161 2733 1267 2783; x_wconf 88' lang='lat' dir='ltr'>autem</span> 
     </span>
    </p>

    <p class='ocr_par' dir='ltr' id='par_1_11' title="bbox 146 2807 1317 2978">
     <span class='ocr_line' id='line_1_26' title="bbox 146 2807 1317 2892; baseline -0.009 -18"><span class='ocrx_word' id='word_1_207' title='bbox 146 2817 164 2873; x_wconf 81' lang='lat' dir='ltr'>t</span> <span class='ocrx_word' id='word_1_208' title='bbox 183 2819 315 2892; x_wconf 90' lang='lat' dir='ltr'>possunt</span> <span class='ocrx_word' id='word_1_209' title='bbox 331 2830 371 2871; x_wconf 80' lang='lat' dir='ltr'>ex</span> <span class='ocrx_word' id='word_1_210' title='bbox 386 2810 609 2870; x_wconf 90' lang='lat' dir='ltr'>constitutione</span> <span class='ocrx_word' id='word_1_211' title='bbox 625 2807 692 2871; x_wconf 90' lang='lat' dir='ltr'>diui</span> <span class='ocrx_word' id='word_1_212' title='bbox 707 2807 868 2869; x_wconf 81' lang='lat' dir='ltr'>Antonini.</span> <span class='ocrx_word' id='word_1_213' title='bbox 908 2809 945 2869; x_wconf 89' lang='lat' dir='ltr'>lli</span> <span class='ocrx_word' id='word_1_214' title='bbox 965 2810 1020 2888; x_wconf 87' lang='lat' dir='ltr'>qui</span> <span class='ocrx_word' id='word_1_215' title='bbox 1037 2827 1187 2888; x_wconf 90' lang='lat' dir='ltr'>generare</span> <span class='ocrx_word' id='word_1_216' title='bbox 1203 2828 1266 2870; x_wconf 90' lang='lat' dir='ltr'>non</span> <span class='ocrx_word' id='word_1_217' title='bbox 1285 2817 1317 2863; x_wconf 80' lang='lat' dir='ltr'>st</span> 
     </span>
     <span class='ocr_line' id='line_1_27' title="bbox 182 2894 1265 2978; baseline -0.005 -18"><span class='ocrx_word' id='word_1_218' title='bbox 182 2905 324 2978; x_wconf 90' lang='grc'>11333331,</span> <span class='ocrx_word' id='word_1_219' title='bbox 343 2897 433 2958; x_wconf 87' lang='grc'>33131</span> <span class='ocrx_word' id='word_1_220' title='bbox 448 2895 556 2976; x_wconf 83' lang='lat' dir='ltr'>spado,</span> <span class='ocrx_word' id='word_1_221' title='bbox 581 2905 715 2976; x_wconf 88' lang='lat' dir='ltr'>utroque</span> <span class='ocrx_word' id='word_1_222' title='bbox 731 2894 822 2956; x_wconf 92' lang='lat' dir='ltr'>modo</span> <span class='ocrx_word' id='word_1_223' title='bbox 838 2905 969 2975; x_wconf 80' lang='lat' dir='ltr'>possunt</span> <span class='ocrx_word' id='word_1_224' title='bbox 984 2894 1144 2973; x_wconf 91' lang='lat' dir='ltr'>adoptare.</span> <span class='ocrx_word' id='word_1_225' title='bbox 1181 2894 1265 2956; x_wconf 92' lang='lat' dir='ltr'>idem</span> 
     </span>
    </p>

    <p class='ocr_par' dir='ltr' id='par_1_12' title="bbox 145 2981 1266 3062">
     <span class='ocr_line' id='line_1_28' title="bbox 145 2981 1266 3062; baseline -0.004 -15"><span class='ocrx_word' id='word_1_226' title='bbox 145 2986 163 3047; x_wconf 85' lang='lat'><strong>7</strong></span> <span class='ocrx_word' id='word_1_227' title='bbox 183 2985 262 3047; x_wconf 90' lang='lat' dir='ltr'>iuris</span> <span class='ocrx_word' id='word_1_228' title='bbox 278 2983 372 3045; x_wconf 90' lang='lat' dir='ltr'>estin</span> <span class='ocrx_word' id='word_1_229' title='bbox 388 3001 522 3062; x_wconf 90' lang='lat' dir='ltr'>persona</span> <span class='ocrx_word' id='word_1_230' title='bbox 538 2981 677 3043; x_wconf 77' lang='lat' dir='ltr'>caelibis,</span> <span class='ocrx_word' id='word_1_231' title='bbox 722 2982 800 3043; x_wconf 91' lang='lat' dir='ltr'>ltem</span> <span class='ocrx_word' id='word_1_232' title='bbox 816 2983 914 3062; x_wconf 88' lang='lat' dir='ltr'>isqui</span> <span class='ocrx_word' id='word_1_233' title='bbox 930 2981 1029 3043; x_wconf 89' lang='lat' dir='ltr'>filium</span> <span class='ocrx_word' id='word_1_234' title='bbox 1045 2999 1107 3042; x_wconf 91' lang='lat' dir='ltr'>non</span> <span class='ocrx_word' id='word_1_235' title='bbox 1123 2981 1218 3042; x_wconf 89' lang='lat' dir='ltr'>habet</span> <span class='ocrx_word' id='word_1_236' title='bbox 1234 2983 1266 3042; x_wconf 90' lang='lat' dir='ltr'>in</span> 
     </span>
    </p>

    <p class='ocr_par' dir='ltr' id='par_1_13' title="bbox 145 3066 1266 3235">
     <span class='ocr_line' id='line_1_29' title="bbox 145 3066 1266 3149; baseline -0.004 -16"><span class='ocrx_word' id='word_1_237' title='bbox 145 3075 164 3133; x_wconf 87' lang='grc'>8</span> <span class='ocrx_word' id='word_1_238' title='bbox 182 3072 284 3132; x_wconf 90' lang='lat' dir='ltr'>locum</span> <span class='ocrx_word' id='word_1_239' title='bbox 299 3070 422 3149; x_wconf 90' lang='lat' dir='ltr'>nepotis</span> <span class='ocrx_word' id='word_1_240' title='bbox 437 3067 586 3148; x_wconf 90' lang='lat' dir='ltr'>adoptare</span> <span class='ocrx_word' id='word_1_241' title='bbox 602 3077 714 3148; x_wconf 91' lang='lat' dir='ltr'>potest.</span> <span class='ocrx_word' id='word_1_242' title='bbox 747 3068 780 3129; x_wconf 91' lang='lat' dir='ltr'>Si</span> <span class='ocrx_word' id='word_1_243' title='bbox 796 3078 885 3148; x_wconf 91' lang='lat' dir='ltr'>pater</span> <span class='ocrx_word' id='word_1_244' title='bbox 900 3066 1037 3130; x_wconf 82' lang='lat' dir='ltr'>familiae</span> <span class='ocrx_word' id='word_1_245' title='bbox 1051 3066 1266 3148; x_wconf 90' lang='lat' dir='ltr'>adrogandum</span> 
     </span>
     <span class='ocr_line' id='line_1_30' title="bbox 184 3153 1266 3235; baseline -0.003 -17"><span class='ocrx_word' id='word_1_246' title='bbox 184 3176 217 3218; x_wconf 92' lang='lat' dir='ltr'>se</span> <span class='ocrx_word' id='word_1_247' title='bbox 244 3155 386 3232; x_wconf 88' lang='lat' dir='ltr'>dederit,</span> <span class='ocrx_word' id='word_1_248' title='bbox 416 3153 509 3216; x_wconf 91' lang='lat' dir='ltr'>liberi</span> <span class='ocrx_word' id='word_1_249' title='bbox 535 3171 660 3234; x_wconf 88' lang='lat' dir='ltr'>quoque</span> <span class='ocrx_word' id='word_1_250' title='bbox 688 3155 756 3215; x_wconf 91' lang='grc'>3133</span> <span class='ocrx_word' id='word_1_251' title='bbox 782 3156 873 3234; x_wconf 89' lang='lat' dir='ltr'>quasi</span> <span class='ocrx_word' id='word_1_252' title='bbox 900 3164 1030 3235; x_wconf 84' lang='lat' dir='ltr'>nepotes</span> <span class='ocrx_word' id='word_1_253' title='bbox 1057 3154 1089 3215; x_wconf 91' lang='lat' dir='ltr'>in</span> <span class='ocrx_word' id='word_1_254' title='bbox 1112 3162 1266 3234; x_wconf 87' lang='lat' dir='ltr'>potestate</span> 
     </span>
    </p>

    <p class='ocr_par' dir='ltr' id='par_1_14' title="bbox 132 3238 1315 3408">
     <span class='ocr_line' id='line_1_31' title="bbox 132 3238 1315 3321; baseline -0.003 -17"><span class='ocrx_word' id='word_1_255' title='bbox 132 3245 166 3304; x_wconf 74' lang='lat'>8²</span> <span class='ocrx_word' id='word_1_256' title='bbox 185 3243 264 3304; x_wconf 87' lang='lat' dir='ltr'>fiunt</span> <span class='ocrx_word' id='word_1_257' title='bbox 286 3241 488 3321; x_wconf 91' lang='lat' dir='ltr'>adrogatoris.</span> <span class='ocrx_word' id='word_1_258' title='bbox 535 3242 681 3302; x_wconf 85' lang='lat' dir='ltr'>Feminae</span> <span class='ocrx_word' id='word_1_259' title='bbox 705 3259 779 3301; x_wconf 92' lang='lat' dir='ltr'>uero</span> <span class='ocrx_word' id='word_1_260' title='bbox 802 3250 913 3301; x_wconf 92' lang='lat' dir='ltr'>neutro</span> <span class='ocrx_word' id='word_1_261' title='bbox 937 3239 1028 3302; x_wconf 91' lang='lat' dir='ltr'>modo</span> <span class='ocrx_word' id='word_1_262' title='bbox 1050 3250 1182 3320; x_wconf 91' lang='lat' dir='ltr'>possunt</span> <span class='ocrx_word' id='word_1_263' title='bbox 1208 3238 1267 3301; x_wconf 87' lang='lat' dir='ltr'>ad·</span> <span class='ocrx_word' id='word_1_264' title='bbox 1284 3248 1315 3293; x_wconf 81' lang='lat'>8⁰</span> 
     </span>
     <span class='ocr_line' id='line_1_32' title="bbox 184 3325 1214 3408; baseline -0.003 -19"><span class='ocrx_word' id='word_1_265' title='bbox 184 3338 304 3408; x_wconf 83' lang='lat' dir='ltr'>optare,</span> <span class='ocrx_word' id='word_1_266' title='bbox 323 3329 470 3407; x_wconf 88' lang='lat' dir='ltr'>quoniam</span> <span class='ocrx_word' id='word_1_267' title='bbox 486 3346 545 3387; x_wconf 92' lang='lat' dir='ltr'>nec</span> <span class='ocrx_word' id='word_1_268' title='bbox 560 3326 720 3388; x_wconf 89' lang='lat' dir='ltr'>naturales</span> <span class='ocrx_word' id='word_1_269' title='bbox 735 3325 853 3387; x_wconf 91' lang='lat' dir='ltr'>liberos</span> <span class='ocrx_word' id='word_1_270' title='bbox 869 3327 901 3386; x_wconf 91' lang='lat' dir='ltr'>in</span> <span class='ocrx_word' id='word_1_271' title='bbox 918 3334 1070 3406; x_wconf 90' lang='lat' dir='ltr'>potestate</span> <span class='ocrx_word' id='word_1_272' title='bbox 1087 3326 1214 3389; x_wconf 90' lang='lat' dir='ltr'>habent.</span> 
     </span>
    </p>
   </div>
   <div class='ocr_carea' id='block_1_5' title="bbox 184 3566 1266 3582">
    <p class='ocr_par' dir='ltr' id='par_1_15' title="bbox 184 3566 1266 3582">
     <span class='ocr_line' id='line_1_33' title="bbox 184 3566 1266 3582; baseline -0.003 0"><span class='ocrx_word' id='word_1_273' title='bbox 184 3567 261 3582; x_wconf 57' lang='lat' dir='ltr'>ml*</span> <span class='ocrx_word' id='word_1_274' title='bbox 650 3566 1258 3580; x_wconf 53' lang='grc' dir='ltr'>ΝΜΛΙΝΝΝΛΛΛΛΝΝΛΙΧΛΜΛΛΛΛΛΛΝᾺΙΜΛΛΜΙ·</span> <span class='ocrx_word' id='word_1_275' title='bbox 1264 3572 1266 3577; x_wconf 81' lang='grc' dir='ltr'><strong><em>ι</em></strong></span> 
     </span>
    </p>
   </div>
   <div class='ocr_carea' id='block_1_6' title="bbox 185 3735 1267 4219">
    <p class='ocr_par' dir='ltr' id='par_1_16' title="bbox 185 3735 1267 4219">
     <span class='ocr_line' id='line_1_34' title="bbox 255 3735 1267 3807; baseline -0.001 -17"><span class='ocrx_word' id='word_1_276' title='bbox 255 3746 264 3790; x_wconf 90' lang='grc'>1</span> <span class='ocrx_word' id='word_1_277' title='bbox 288 3741 376 3792; x_wconf 90' lang='lat' dir='ltr'>solent</span> <span class='ocrx_word' id='word_1_278' title='bbox 391 3739 410 3791; x_wconf 86' lang='lat' dir='ltr'>C</span> <span class='ocrx_word' id='word_1_279' title='bbox 426 3735 436 3805; x_wconf 87' lang='grc' dir='ltr'>ΙΙ</span> <span class='ocrx_word' id='word_1_280' title='bbox 454 3740 605 3804; x_wconf 80' lang='grc'>5113113133</span> <span class='ocrx_word' id='word_1_281' title='bbox 618 3739 761 3802; x_wconf 82' lang='lat' dir='ltr'>condignis</span> <span class='ocrx_word' id='word_1_282' title='bbox 772 3752 952 3804; x_wconf 89' lang='lat' dir='ltr'>personarum</span> <span class='ocrx_word' id='word_1_283' title='bbox 967 3739 987 3789; x_wconf 81' lang='lat' dir='ltr'><em>C</em></span> <span class='ocrx_word' id='word_1_284' title='bbox 1003 3737 1013 3807; x_wconf 90' lang='grc' dir='ltr'>ΙΙ</span> <span class='ocrx_word' id='word_1_285' title='bbox 1030 3743 1045 3788; x_wconf 82' lang='grc'>1</span> <span class='ocrx_word' id='word_1_286' title='bbox 1061 3752 1204 3789; x_wconf 89' lang='lat' dir='ltr'>numerum</span> <span class='ocrx_word' id='word_1_287' title='bbox 1221 3738 1242 3789; x_wconf 85' lang='lat' dir='ltr'><em>C</em></span> <span class='ocrx_word' id='word_1_288' title='bbox 1257 3735 1267 3803; x_wconf 86' lang='grc'>11</span> 
     </span>
     <span class='ocr_line' id='line_1_35' title="bbox 185 3802 1264 3873; baseline -0.002 -15"><span class='ocrx_word' id='word_1_289' title='bbox 185 3813 199 3858; x_wconf 86' lang='grc'>1</span> <span class='ocrx_word' id='word_1_290' title='bbox 220 3812 309 3860; x_wconf 86' lang='grc'>313313</span> <span class='ocrx_word' id='word_1_291' title='bbox 322 3822 464 3859; x_wconf 88' lang='lat' dir='ltr'>romanam</span> <span class='ocrx_word' id='word_1_292' title='bbox 477 3809 614 3871; x_wconf 79' lang='lat' dir='ltr'>Boo&#39;elciop,</span> <span class='ocrx_word' id='word_1_293' title='bbox 628 3808 716 3859; x_wconf 76' lang='grc'>31110</span> <span class='ocrx_word' id='word_1_294' title='bbox 742 3802 752 3873; x_wconf 75' lang='lat' dir='ltr'>ll</span> <span class='ocrx_word' id='word_1_295' title='bbox 782 3808 996 3859; x_wconf 82' lang='grc'>9333313310</span> <span class='ocrx_word' id='word_1_296' title='bbox 1023 3805 1033 3873; x_wconf 91' lang='grc' dir='ltr'>ΙΙ</span> <span class='ocrx_word' id='word_1_297' title='bbox 1062 3808 1139 3871; x_wconf 88' lang='lat' dir='ltr'>quasi</span> <span class='ocrx_word' id='word_1_298' title='bbox 1153 3808 1207 3856; x_wconf 89' lang='lat' dir='ltr'>ciui</span> <span class='ocrx_word' id='word_1_299' title='bbox 1221 3821 1264 3856; x_wconf 91' lang='lat' dir='ltr'>ro·</span> 
     </span>
     <span class='ocr_line' id='line_1_36' title="bbox 185 3873 1266 3943; baseline -0.003 -15"><span class='ocrx_word' id='word_1_300' title='bbox 185 3893 266 3929; x_wconf 87' lang='lat' dir='ltr'>mano</span> <span class='ocrx_word' id='word_1_301' title='bbox 280 3878 402 3942; x_wconf 73' lang='lat' dir='ltr'>Hottnnp,</span> <span class='ocrx_word' id='word_1_302' title='bbox 418 3890 467 3927; x_wconf 84' lang='lat' dir='ltr'>om.</span> <span class='ocrx_word' id='word_1_303' title='bbox 486 3876 505 3928; x_wconf 82' lang='lat' dir='ltr'><em>C</em></span> <span class='ocrx_word' id='word_1_304' title='bbox 528 3873 539 3941; x_wconf 79' lang='grc' dir='ltr'>ΙΙ</span> <span class='ocrx_word' id='word_1_305' title='bbox 566 3881 596 3925; x_wconf 85' lang='grc'>11</span> <span class='ocrx_word' id='word_1_306' title='bbox 610 3877 680 3927; x_wconf 84' lang='grc'>33113</span> <span class='ocrx_word' id='word_1_307' title='bbox 692 3877 788 3940; x_wconf 88' lang='lat' dir='ltr'>sentia]</span> <span class='ocrx_word' id='word_1_308' title='bbox 803 3878 877 3928; x_wconf 89' lang='lat' dir='ltr'>ascia</span> <span class='ocrx_word' id='word_1_309' title='bbox 893 3877 913 3929; x_wconf 82' lang='lat' dir='ltr'><em>C</em></span> <span class='ocrx_word' id='word_1_310' title='bbox 934 3875 944 3943; x_wconf 81' lang='grc' dir='ltr'>ΙΙ</span> <span class='ocrx_word' id='word_1_311' title='bbox 968 3889 1079 3927; x_wconf 87' lang='grc'>1313333</span> <span class='ocrx_word' id='word_1_312' title='bbox 1092 3874 1266 3925; x_wconf 86' lang='lat' dir='ltr'>daturBooc-</span> 
     </span>
     <span class='ocr_line' id='line_1_37' title="bbox 185 3941 1267 4013; baseline -0.003 -17"><span class='ocrx_word' id='word_1_313' title='bbox 185 3948 255 4011; x_wconf 72' lang='grc'>11311,</span> <span class='ocrx_word' id='word_1_314' title='bbox 275 3946 441 3997; x_wconf 83' lang='lat' dir='ltr'>reddatan</span> <span class='ocrx_word' id='word_1_315' title='bbox 473 3942 484 4012; x_wconf 83' lang='grc' dir='ltr'>ΙΙ</span> <span class='ocrx_word' id='word_1_316' title='bbox 520 3949 550 3994; x_wconf 80' lang='lat' dir='ltr'>ts</span> <span class='ocrx_word' id='word_1_317' title='bbox 570 3946 750 3996; x_wconf 88' lang='lat' dir='ltr'>numerumC</span> <span class='ocrx_word' id='word_1_318' title='bbox 782 3942 793 4013; x_wconf 89' lang='grc' dir='ltr'>ΙΙ</span> <span class='ocrx_word' id='word_1_319' title='bbox 828 3949 859 3995; x_wconf 86' lang='grc'>19</span> <span class='ocrx_word' id='word_1_320' title='bbox 878 3944 1061 4010; x_wconf 78' lang='lat' dir='ltr'>adoptioned</span> <span class='ocrx_word' id='word_1_321' title='bbox 1088 3941 1098 4008; x_wconf 83' lang='grc' dir='ltr'>ΙΙ</span> <span class='ocrx_word' id='word_1_322' title='bbox 1127 3943 1267 3995; x_wconf 80' lang='lat' dir='ltr'>dumtaxat</span> 
     </span>
     <span class='ocr_line' id='line_1_38' title="bbox 185 4011 1266 4080; baseline -0.003 -13"><span class='ocrx_word' id='word_1_323' title='bbox 185 4018 344 4075; x_wconf 75' lang='grc'>1331131333,</span> <span class='ocrx_word' id='word_1_324' title='bbox 364 4016 427 4066; x_wconf 87' lang='lat' dir='ltr'>data</span> <span class='ocrx_word' id='word_1_325' title='bbox 442 4014 633 4077; x_wconf 60' lang='grc'>01312151)</span> <span class='ocrx_word' id='word_1_326' title='bbox 662 4012 673 4080; x_wconf 81' lang='grc' dir='ltr'>ΙΙ</span> <span class='ocrx_word' id='word_1_327' title='bbox 702 4014 925 4080; x_wconf 74' lang='grc'>111133133130</span> <span class='ocrx_word' id='word_1_328' title='bbox 951 4011 962 4080; x_wconf 78' lang='lat' dir='ltr'>ll</span> <span class='ocrx_word' id='word_1_329' title='bbox 991 4011 1266 4073; x_wconf 67' lang='grc'>11133133301,13-</span> 
     </span>
     <span class='ocr_line' id='line_1_39' title="bbox 185 4079 1263 4150; baseline -0.001 -15"><span class='ocrx_word' id='word_1_330' title='bbox 185 4087 275 4136; x_wconf 88' lang='lat' dir='ltr'>minae</span> <span class='ocrx_word' id='word_1_331' title='bbox 293 4085 404 4149; x_wconf 84' lang='lat' dir='ltr'>quidem</span> <span class='ocrx_word' id='word_1_332' title='bbox 420 4081 453 4136; x_wconf 76' lang='lat' dir='ltr'>Cb</span> <span class='ocrx_word' id='word_1_333' title='bbox 471 4086 576 4146; x_wconf 78' lang='lat' dir='ltr'>(manus</span> <span class='ocrx_word' id='word_1_334' title='bbox 588 4085 726 4145; x_wconf 78' lang='grc'>3333111311</span> <span class='ocrx_word' id='word_1_335' title='bbox 757 4080 768 4150; x_wconf 90' lang='grc' dir='ltr'>ΙΙ</span> <span class='ocrx_word' id='word_1_336' title='bbox 796 4084 956 4148; x_wconf 71' lang='lat' dir='ltr'>arrogante</span> <span class='ocrx_word' id='word_1_337' title='bbox 987 4079 998 4148; x_wconf 81' lang='grc'>11</span> <span class='ocrx_word' id='word_1_338' title='bbox 1031 4082 1263 4143; x_wconf 67' lang='lat' dir='ltr'>connutritor,</span> 
     </span>
     <span class='ocr_line' id='line_1_40' title="bbox 185 4151 1248 4219; baseline -0.001 -15"><span class='ocrx_word' id='word_1_339' title='bbox 185 4154 310 4205; x_wconf 76' lang='grc'>3313130</span> <span class='ocrx_word' id='word_1_340' title='bbox 343 4151 354 4219; x_wconf 83' lang='grc' dir='ltr'>ΙΙ</span> <span class='ocrx_word' id='word_1_341' title='bbox 389 4153 651 4217; x_wconf 80' lang='lat' dir='ltr'>scmoaopotestc</span> <span class='ocrx_word' id='word_1_342' title='bbox 758 4200 761 4205; x_wconf 80' lang='grc'>,</span> <span class='ocrx_word' id='word_1_343' title='bbox 984 4196 987 4202; x_wconf 21' lang='grc' dir='ltr'><strong>Δ</strong></span> <span class='ocrx_word' id='word_1_344' title='bbox 1244 4158 1248 4164; x_wconf 89' lang='grc'><em>“</em></span> 
     </span>
    </p>
   </div>
   <div class='ocr_carea' id='block_1_7' title="bbox 0 0 1508 4736">
    <p class='ocr_par' dir='ltr' id='par_1_17' title="bbox 0 0 1508 4736">
     <span class='ocr_line' id='line_1_41' title="bbox 0 0 1508 4736; baseline 0 0"><span class='ocrx_word' id='word_1_345' title='bbox 0 0 1508 4736; x_wconf 95' lang='lat' dir='ltr'> </span> 
     </span>
    </p>
   </div>
  </div>
 </body>
</html>
