3010 4738
255 293 334 345 Proh.
349 297 402 344 ts
632 328 718 340 --
763 294 822 356 142
866 328 951 339 ...-

296 488 330 546 S·
344 489 379 544 Ε·
393 491 460 562 qaid
474 491 563 544 aomo
576 491 668 544 sancti
683 497 733 557 est,
751 490 819 545 item
834 487 888 544 sub
900 489 991 545 littera
1003 486 1045 556 Q:
1066 485 1101 554 O·
1114 489 1152 544 N·
1167 489 1191 543 l·
1205 486 1237 543 S·
1252 489 1284 542 li·

298 576 372 649 qood
394 592 450 632 oon
471 578 532 630 iore
553 576 590 630 ait
610 583 752 646 ropotam.
799 574 988 645 quamobrem
1009 576 1166 631 Mommsen
1189 579 1286 646 spreto

297 662 398 718 ordine
414 662 443 717 in
458 661 557 718 codice
571 661 741 716 Einsidlensi
755 661 909 718 obseruato
932 677 966 716 ea
989 676 1063 733 quae
1084 661 1159 716 inter
1181 675 1212 715 se
1235 675 1287 716 co·

298 752 382 818 gnata
397 762 461 803 esse
476 747 645 803 uiderentur
659 748 737 803 iuxta
752 748 864 817 posuit:
892 748 976 819 isque
990 747 1158 804 Mommseni
1172 746 1244 802 ordo
1258 748 1287 800 in

298 832 353 891 hac
368 833 493 889 editione
508 850 523 889 a
539 830 623 889 nohis
638 839 766 890 retentus
781 839 834 889 est.

357 1015 377 1064 Α
391 1036 423 1058 =
435 1016 631 1067 Ambrosianus
644 1016 658 1065 J
672 1020 720 1066 445
732 1029 794 1081 sup.
808 1029 879 1067 saec.
893 1015 1037 1064 xv-xvt

358 1084 422 1134 ii=
436 1087 571 1136 Romanus
582 1085 728 1148 Chigianus
739 1087 759 1134 l.
775 1086 818 1135 vt.
834 1087 881 1135 tot
896 1097 968 1135 saec.
982 1084 1127 1156 Xll-le

358 1153 381 1202 ti
393 1172 425 1196 ε
437 1154 615 1205 Einsidlensis
628 1157 677 1204 444
690 1167 761 1205 saec.
776 1153 800 1203 X

647 1427 800 1491 VALEllll
826 1428 938 1489 PROBl

631 1547 679 1630 [nr
701 1567 776 1610 rrars
797 1548 946 1630 rorantia]

217 1671 230 1729 l
341 1669 396 1730 Est
424 1670 519 1730 etiam
547 1669 630 1730 circa
656 1668 902 1750 perscribendas
923 1669 976 1731 uel
997 1668 1198 1749 paucioribus
1219 1669 1331 1728 litteris

255 1754 409 1817 notandas
430 1773 526 1837 uoces
546 1753 686 1817 studium
708 1757 933 1817 necessarium.
973 1754 1059 1834 quod
1073 1756 1185 1836 partim
1202 1773 1259 1836 pro
1274 1773 1332 1815 uo-

255 1843 377 1903 luntate
399 1842 553 1921 cuiusque
572 1841 623 1920 fit,
645 1843 760 1922 partim
776 1860 832 1922 pro
847 1860 908 1904 usu
923 1839 1049 1921 publioo
1065 1851 1096 1903 et
1111 1840 1330 1902 obseruatione
1351 1855 1364 1899 5

254 1930 425 1990 communi.
460 1945 602 2007 namque-
617 1926 704 2007 apud
725 1937 851 1989 ueteres
874 1946 946 1989 cum
966 1946 1044 1990 usus
1067 1936 1210 1989 notarum
1226 1926 1331 1988 nullus

254 2023 356 2093 esset,
374 2022 505 2095 propter
520 2012 681 2075 scribendi
696 2012 927 2095 difficultatem,
952 2016 1087 2075 maxime
1104 2014 1135 2074 in
1152 2024 1261 2075 senatu
1277 2013 1331 2091 qui

253 2099 420 2163 scribendo
435 2098 575 2178 aderant,
594 2109 631 2161 ut
645 2101 790 2177 celeriter
801 2099 885 2175 diota
896 2098 1215 2180 comprehenderent,
1234 2117 1332 2179 quae-

253 2185 328 2248 dam
339 2185 439 2249 uerba
450 2195 545 2266 atque
556 2187 683 2247 nomina
695 2205 736 2246 ex
750 2188 905 2247 communi
922 2205 1076 2247 consensu
1091 2187 1203 2266 primis
1219 2186 1332 2246 litteris

255 2271 423 2351 notabant,
447 2281 478 2336 et
493 2273 636 2352 singulae
651 2273 774 2334 litterae
790 2271 868 2352 quid
883 2272 1112 2352 significarent,
1135 2273 1167 2332 in
1183 2279 1331 2351 promptu
1352 2284 1383 2328 ro

254 2368 334 2421 erat.
377 2357 461 2439 quod
475 2358 508 2419 io
522 2357 782 2438 praenominibus
797 2357 921 2438 legibus
937 2356 1072 2438 publicis
1086 2358 1332 2438 pontificumque

255 2445 468 2507 monumentis
489 2453 521 2505 et
542 2445 575 2504 in
597 2445 677 2506 iuris
700 2445 802 2506 ciuilis
820 2443 912 2505 libris
928 2444 1021 2505 etiam
1037 2463 1122 2505 nuno
1138 2453 1253 2505 manet.
1293 2441 1332 2503 ad

253 2550 334 2612 quas
348 2532 524 2592 notationes
541 2528 684 2610 publicas
698 2528 819 2591 accedit
835 2531 927 2591 etiam
944 2528 1155 2592 studiosorum
1174 2529 1329 2591 uoluntas.

254 2616 312 2679 sed
326 2617 546 2696 unusquisque
563 2614 732 2677 familiares
747 2614 808 2677 sibi
823 2625 912 2685 notas
926 2633 982 2695 pro
997 2616 1159 2677 uoluntate
1179 2633 1255 2696 quot
1270 2616 1334 2695 rip-

255 2704 350 2780 oorit,
370 2700 637 2783 comprehendere
653 2702 812 2764 inlinitum
827 2711 888 2764 est:
910 2701 1054 2783 publicae
1070 2721 1146 2763 sane
1161 2699 1329 2777 tenendae,
1353 2712 1385 2757 te

256 2807 339 2869 quae
359 2789 392 2848 in
414 2788 789 2868 monumentisplurimis
805 2798 836 2850 et
852 2789 884 2849 in
900 2788 1099 2849 historiarum
1116 2786 1205 2848 libris
1220 2786 1333 2847 sacris-

216 2875 237 2936 2
257 2893 320 2954 que
335 2872 472 2955 publicis
487 2874 707 2955 reperiuntur,
732 2884 767 2935 ut
782 2874 814 2934 P·
834 2873 979 2935 Publius:
1004 2873 1037 2934 G·
1057 2872 1169 2936 Gaius:
1197 2875 1234 2933 bi·
1253 2874 1334 2932 ldar-

257 2964 335 3021 ousz‘
365 2960 426 3020 CN·
445 2959 587 3023 Gnaeus:
621 2960 658 3032 Q·
683 2960 834 3032 Quintus:
867 2961 916 3021 lill-
934 2961 1068 3022 Martius:
1102 2960 1149 3020 Tl·
1168 2958 1327 3020 Tiberius:

258 3045 315 3107 et·
343 3043 509 3107 Claudius:
540 3046 596 3106 SP·
623 3047 774 3125 Spurius:
804 3045 891 3108 SEX·
915 3047 1046 3107 Sextus:
1077 3046 1162 3107 SER·
1181 3045 1329 3109 Seruius:
1465 3101 1469 3105 ,

192 3160 195 3169 =
257 3132 316 3192 ΟΡ·
336 3130 462 3211 Opiter:
481 3129 518 3192 Α·
533 3132 568 3193 V·
583 3130 616 3190 C·
635 3129 675 3192 ab
691 3129 771 3193 urbe
783 3130 923 3192 condita:
943 3133 975 3190 P·
991 3133 1026 3191 R·
1042 3133 1077 3192 E·
1092 3140 1161 3212 post
1174 3149 1265 3210 reges
1277 3149 1334 3190 ex·
1352 3144 1386 3190 4ο

160 3222 164 3229 ’
257 3226 359 3278 actos:
386 3219 419 3278 P·
438 3217 473 3277 C·
491 3226 597 3297 patres
613 3219 800 3298 conscripti:
825 3219 858 3278 S·
876 3219 909 3276 P·
927 3218 965 3290 Q·
982 3218 1020 3278 lt·
1037 3227 1166 3279 senatus
1180 3216 1334 3298 populus-

256 3323 320 3384 que
336 3304 510 3364 llomanus:
542 3304 607 3376 EQ·
626 3305 662 3363 R·
687 3322 785 3383 eques
800 3304 973 3365 Romanus:
1006 3306 1043 3364 V·
1061 3305 1097 3364 a·
1122 3302 1200 3365 urbs
1214 3303 1329 3363 Romo:

257 3390 293 3452 G·
310 3390 348 3450 lt·
366 3391 446 3451 ciuis
461 3390 632 3452 Romanus:
653 3390 738 3452 cot·
756 3390 893 3452 coloniae
909 3391 959 3452 uel
977 3390 1093 3451 coloni:
1120 3390 1211 3451 MVN·
1229 3390 1334 3450 muni-

939 3579 1257 3592 fl-xlv-Asaevuvvetxrwraennntw
1269 3586 1272 3589 ,
1292 3580 1330 3591 mlx

326 3704 341 3749 4
360 3699 395 3751 de
408 3700 451 3761 ΑΒ,
465 3713 515 3750 om.
529 3696 603 3750 Abii:
625 3701 726 3750 titolum
739 3699 772 3749 de
787 3701 853 3750 iuris
865 3702 989 3750 notarum
1001 3702 1161 3761 suppositam
1173 3712 1227 3749 ease
1236 3702 1335 3761 probo-

254 3772 296 3820 ait
309 3770 450 3818 Monaesen
459 3771 488 3819 to
503 3769 685 3820 Gruommticis
694 3769 814 3819 Lotintst
829 3782 855 3830 p.
868 3772 916 3818 4448
946 3768 957 3830 ΙΙ
987 3772 1000 3817 7
1014 3768 1132 3833 propter]
1146 3771 1239 3833 postea
1251 3782 1335 3833 prop-

257 3842 300 3887 ter
312 3838 453 3887 Marmara
489 3837 500 3899 ii
539 3837 724 3888 difficultatem
737 3838 886 3897 Menanter,
901 3836 1057 3888 facultatem
1069 3839 1166 3887 codices
1203 3837 1214 3899 ΙΙ
1257 3841 1282 3885 44
1307 3840 1334 3886 in

257 3908 330 3966 dett,
351 3907 503 3957 noninAlt
532 3907 543 3969 ΙΙ
574 3911 604 3956 44
624 3906 713 3957 ciuilis
725 3907 796 3963 dett,
817 3906 945 3956 ciuilibus
956 3907 1000 3956 Ali
1029 3905 1040 3968 ΙΙ
1071 3908 1101 3954 tt
1121 3907 1169 3956 sed
1183 3907 1333 3966 Mommsen,

258 3979 285 4025 et
296 3975 339 4024 Ali
368 3974 379 4036 11
409 3988 477 4037 quas
489 3976 603 4038 signarit
615 3975 765 4034 Mommsen,
779 3976 896 4037 signaret
908 3988 976 4038 quas
989 3976 1086 4024 codices
1123 3974 1134 4036 ΙΙ
1173 3978 1204 4023 47
1223 3990 1246 4025 c·
1261 3976 1333 4037 dart,

255 4055 284 4093 o·
298 4044 340 4092 Ali
370 4044 381 4105 11
411 4046 442 4090 48
462 4045 616 4093 or·oodicea
644 4043 655 4106 ll
684 4044 1337 4103 m·maniusttcrunrca‚m·macuniustmacu-

257 4114 321 4161 uius
334 4113 403 4168 dett.)
420 4111 517 4160 codices
546 4111 557 4173 11
587 4114 619 4159 44
638 4111 722 4175 roma]
739 4125 850 4161 romana
863 4113 959 4161 codices
987 4111 998 4174 ΙΙ
1028 4116 1059 4161 44
1079 4113 1173 4162 colone
1187 4112 1286 4163 uelAlt
