<?xml version="1.0" encoding="UTF-8"?>
<!DOCTYPE html PUBLIC "-//W3C//DTD XHTML 1.0 Transitional//EN"
    "http://www.w3.org/TR/xhtml1/DTD/xhtml1-transitional.dtd">
<html xmlns="http://www.w3.org/1999/xhtml" xml:lang="en" lang="en">
 <head>
  <title>
</title>
<meta http-equiv="Content-Type" content="text/html;charset=utf-8" />
  <meta name='ocr-system' content='tesseract 3.04.00' />
  <meta name='ocr-capabilities' content='ocr_page ocr_carea ocr_par ocr_line ocrx_word'/>
</head>
<body>
  <div class='ocr_page' id='page_1' title='image "./collectiolibror02paulgoog_0034.png"; bbox 0 0 3006 4736; ppageno 0'>
   <div class='ocr_carea' id='block_1_1' title="bbox 572 324 1264 399">
    <p class='ocr_par' dir='ltr' id='par_1_1' title="bbox 572 324 1264 399">
     <span class='ocr_line' id='line_1_1' title="bbox 572 324 1264 399; baseline 0.003 -17"><span class='ocrx_word' id='word_1_1' title='bbox 572 366 658 379; x_wconf 92' lang='grc'><strong>--</strong></span> <span class='ocrx_word' id='word_1_2' title='bbox 700 333 738 395; x_wconf 75' lang='lat'><strong>21</strong></span> <span class='ocrx_word' id='word_1_3' title='bbox 785 324 870 381; x_wconf 71' lang='grc'>.’..-</span> <span class='ocrx_word' id='word_1_4' title='bbox 1155 335 1217 399; x_wconf 84' lang='lat' dir='ltr'><strong>le.</strong></span> <span class='ocrx_word' id='word_1_5' title='bbox 1233 337 1264 384; x_wconf 80' lang='grc'><strong>49</strong></span> 
     </span>
    </p>
   </div>
   <div class='ocr_carea' id='block_1_2' title="bbox 100 520 1319 3099">
    <p class='ocr_par' dir='ltr' id='par_1_2' title="bbox 143 520 1265 860">
     <span class='ocr_line' id='line_1_2' title="bbox 143 520 1263 604; baseline 0.004 -22"><span class='ocrx_word' id='word_1_6' title='bbox 143 523 161 582; x_wconf 90' lang='grc'>8</span> <span class='ocrx_word' id='word_1_7' title='bbox 266 523 463 603; x_wconf 87' lang='lat' dir='ltr'><strong>Vsucapione</strong></span> <span class='ocrx_word' id='word_1_8' title='bbox 485 522 658 584; x_wconf 85' lang='lat' dir='ltr'><strong>dominium</strong></span> <span class='ocrx_word' id='word_1_9' title='bbox 679 520 886 602; x_wconf 81' lang='lat' dir='ltr'><strong>adipiscimur</strong></span> <span class='ocrx_word' id='word_1_10' title='bbox 900 532 964 584; x_wconf 90' lang='lat' dir='ltr'><strong>tam</strong></span> <span class='ocrx_word' id='word_1_11' title='bbox 986 524 1135 604; x_wconf 87' lang='lat' dir='ltr'><strong>mancipii</strong></span> <span class='ocrx_word' id='word_1_12' title='bbox 1157 542 1263 586; x_wconf 90' lang='lat' dir='ltr'><strong>rerum</strong></span> 
     </span>
     <span class='ocr_line' id='line_1_3' title="bbox 181 607 1265 691; baseline -0.002 -19"><span class='ocrx_word' id='word_1_13' title='bbox 181 629 276 690; x_wconf 91' lang='lat' dir='ltr'><strong>quam</strong></span> <span class='ocrx_word' id='word_1_14' title='bbox 291 628 350 670; x_wconf 91' lang='lat' dir='ltr'><strong>neo</strong></span> <span class='ocrx_word' id='word_1_15' title='bbox 366 609 526 689; x_wconf 89' lang='lat' dir='ltr'><strong>mancipii.</strong></span> <span class='ocrx_word' id='word_1_16' title='bbox 556 609 707 688; x_wconf 80' lang='lat' dir='ltr'><strong>usucapio</strong></span> <span class='ocrx_word' id='word_1_17' title='bbox 723 617 772 669; x_wconf 89' lang='lat' dir='ltr'><strong>est</strong></span> <span class='ocrx_word' id='word_1_18' title='bbox 792 618 898 683; x_wconf 79' lang='lat' dir='ltr'><strong>autem</strong></span> <span class='ocrx_word' id='word_1_19' title='bbox 914 607 1043 670; x_wconf 92' lang='lat' dir='ltr'><strong>dominii</strong></span> <span class='ocrx_word' id='word_1_20' title='bbox 1058 608 1185 690; x_wconf 80' lang='lat' dir='ltr'><strong>adeptio</strong></span> <span class='ocrx_word' id='word_1_21' title='bbox 1207 630 1265 691; x_wconf 91' lang='lat' dir='ltr'><strong>per</strong></span> 
     </span>
     <span class='ocr_line' id='line_1_4' title="bbox 181 692 1265 774; baseline -0.002 -16"><span class='ocrx_word' id='word_1_22' title='bbox 181 696 448 758; x_wconf 81' lang='lat' dir='ltr'><strong>continuationem</strong></span> <span class='ocrx_word' id='word_1_23' title='bbox 470 695 678 774; x_wconf 80' lang='lat' dir='ltr'><strong>possessionis</strong></span> <span class='ocrx_word' id='word_1_24' title='bbox 693 695 767 756; x_wconf 92' lang='lat' dir='ltr'><strong>anni</strong></span> <span class='ocrx_word' id='word_1_25' title='bbox 789 693 842 756; x_wconf 91' lang='lat' dir='ltr'><strong>uel</strong></span> <span class='ocrx_word' id='word_1_26' title='bbox 863 692 1002 755; x_wconf 88' lang='lat' dir='ltr'><strong>biennii:</strong></span> <span class='ocrx_word' id='word_1_27' title='bbox 1030 714 1138 758; x_wconf 90' lang='lat' dir='ltr'><strong>rerum</strong></span> <span class='ocrx_word' id='word_1_28' title='bbox 1161 695 1265 758; x_wconf 90' lang='lat' dir='ltr'><strong>mohi-</strong></span> 
     </span>
     <span class='ocr_line' id='line_1_5' title="bbox 181 779 737 860; baseline -0.007 -16"><span class='ocrx_word' id='word_1_29' title='bbox 181 783 259 844; x_wconf 90' lang='lat' dir='ltr'><strong>lium</strong></span> <span class='ocrx_word' id='word_1_30' title='bbox 275 783 360 860; x_wconf 91' lang='lat' dir='ltr'><strong>auni,</strong></span> <span class='ocrx_word' id='word_1_31' title='bbox 379 779 588 841; x_wconf 89' lang='lat' dir='ltr'><strong>immobilium</strong></span> <span class='ocrx_word' id='word_1_32' title='bbox 603 780 737 841; x_wconf 91' lang='lat' dir='ltr'><strong>biennii.</strong></span> 
     </span>
    </p>

    <p class='ocr_par' dir='ltr' id='par_1_3' title="bbox 144 866 1296 1035">
     <span class='ocr_line' id='line_1_6' title="bbox 144 866 1296 946; baseline -0.003 -19"><span class='ocrx_word' id='word_1_33' title='bbox 144 867 163 927; x_wconf 82' lang='grc'>9</span> <span class='ocrx_word' id='word_1_34' title='bbox 268 868 303 928; x_wconf 91' lang='lat' dir='ltr'><strong>ln</strong></span> <span class='ocrx_word' id='word_1_35' title='bbox 325 869 393 929; x_wconf 89' lang='lat' dir='ltr'><strong>iure</strong></span> <span class='ocrx_word' id='word_1_36' title='bbox 414 867 513 928; x_wconf 92' lang='lat' dir='ltr'><strong>cessio</strong></span> <span class='ocrx_word' id='word_1_37' title='bbox 530 885 657 946; x_wconf 89' lang='lat' dir='ltr'><strong>quoque</strong></span> <span class='ocrx_word' id='word_1_38' title='bbox 680 867 855 928; x_wconf 90' lang='lat' dir='ltr'><strong>communis</strong></span> <span class='ocrx_word' id='word_1_39' title='bbox 870 866 1016 927; x_wconf 84' lang='lat' dir='ltr'><strong>alienatio</strong></span> <span class='ocrx_word' id='word_1_40' title='bbox 1032 875 1080 926; x_wconf 89' lang='lat' dir='ltr'><strong>est</strong></span> <span class='ocrx_word' id='word_1_41' title='bbox 1099 875 1130 927; x_wconf 90' lang='lat' dir='ltr'><strong>et</strong></span> <span class='ocrx_word' id='word_1_42' title='bbox 1145 869 1263 928; x_wconf 89' lang='lat' dir='ltr'><strong>manci·</strong></span> <span class='ocrx_word' id='word_1_43' title='bbox 1282 879 1296 924; x_wconf 83' lang='lat' dir='ltr'><strong>s</strong></span> 
     </span>
     <span class='ocr_line' id='line_1_7' title="bbox 183 952 1262 1035; baseline 0.001 -22"><span class='ocrx_word' id='word_1_44' title='bbox 183 954 228 1035; x_wconf 95' lang='lat' dir='ltr'><strong>pii</strong></span> <span class='ocrx_word' id='word_1_45' title='bbox 251 972 359 1015; x_wconf 89' lang='lat' dir='ltr'><strong>rerum</strong></span> <span class='ocrx_word' id='word_1_46' title='bbox 381 962 412 1014; x_wconf 91' lang='lat' dir='ltr'><strong>et</strong></span> <span class='ocrx_word' id='word_1_47' title='bbox 432 972 491 1014; x_wconf 92' lang='lat' dir='ltr'><strong>nec</strong></span> <span class='ocrx_word' id='word_1_48' title='bbox 509 953 675 1032; x_wconf 87' lang='lat' dir='ltr'><strong>mancipii:</strong></span> <span class='ocrx_word' id='word_1_49' title='bbox 704 970 787 1032; x_wconf 92' lang='lat' dir='ltr'><strong>quae</strong></span> <span class='ocrx_word' id='word_1_50' title='bbox 807 952 842 1013; x_wconf 88' lang='lat' dir='ltr'><strong>fit</strong></span> <span class='ocrx_word' id='word_1_51' title='bbox 864 970 922 1032; x_wconf 93' lang='lat' dir='ltr'><strong>per</strong></span> <span class='ocrx_word' id='word_1_52' title='bbox 947 960 1014 1012; x_wconf 91' lang='lat' dir='ltr'><strong>tres</strong></span> <span class='ocrx_word' id='word_1_53' title='bbox 1034 970 1201 1031; x_wconf 81' lang='lat' dir='ltr'><strong>personas,</strong></span> <span class='ocrx_word' id='word_1_54' title='bbox 1230 953 1262 1015; x_wconf 89' lang='lat' dir='ltr'><strong>iu</strong></span> 
     </span>
    </p>

    <p class='ocr_par' dir='ltr' id='par_1_4' title="bbox 125 1034 1260 1117">
     <span class='ocr_line' id='line_1_8' title="bbox 125 1034 1260 1117; baseline 0.004 -21"><span class='ocrx_word' id='word_1_55' title='bbox 125 1037 163 1096; x_wconf 86' lang='grc'><strong>40</strong></span> <span class='ocrx_word' id='word_1_56' title='bbox 184 1041 253 1101; x_wconf 91' lang='lat' dir='ltr'><strong>iure</strong></span> <span class='ocrx_word' id='word_1_57' title='bbox 265 1039 418 1117; x_wconf 90' lang='lat' dir='ltr'><strong>cedentis,</strong></span> <span class='ocrx_word' id='word_1_58' title='bbox 437 1038 641 1117; x_wconf 89' lang='lat' dir='ltr'><strong>uindicantis,</strong></span> <span class='ocrx_word' id='word_1_59' title='bbox 660 1037 847 1100; x_wconf 89' lang='lat' dir='ltr'><strong>addicentis.</strong></span> <span class='ocrx_word' id='word_1_60' title='bbox 873 1038 908 1098; x_wconf 91' lang='lat' dir='ltr'><strong>lu</strong></span> <span class='ocrx_word' id='word_1_61' title='bbox 920 1038 989 1099; x_wconf 91' lang='lat' dir='ltr'><strong>iure</strong></span> <span class='ocrx_word' id='word_1_62' title='bbox 1001 1035 1086 1098; x_wconf 86' lang='lat' dir='ltr'><strong>cedit</strong></span> <span class='ocrx_word' id='word_1_63' title='bbox 1098 1034 1260 1100; x_wconf 85' lang='lat' dir='ltr'><strong>dominus:</strong></span> 
     </span>
    </p>

    <p class='ocr_par' dir='ltr' id='par_1_5' title="bbox 125 1122 1315 1379">
     <span class='ocr_line' id='line_1_9' title="bbox 125 1122 1265 1204; baseline 0.004 -23"><span class='ocrx_word' id='word_1_64' title='bbox 125 1123 159 1182; x_wconf 91' lang='grc'><strong>44</strong></span> <span class='ocrx_word' id='word_1_65' title='bbox 183 1123 325 1187; x_wconf 89' lang='lat' dir='ltr'><strong>uindicat</strong></span> <span class='ocrx_word' id='word_1_66' title='bbox 347 1126 391 1203; x_wconf 93' lang='lat' dir='ltr'><strong>is,</strong></span> <span class='ocrx_word' id='word_1_67' title='bbox 415 1127 466 1187; x_wconf 93' lang='lat' dir='ltr'><strong>cui</strong></span> <span class='ocrx_word' id='word_1_68' title='bbox 488 1124 630 1187; x_wconf 85' lang='lat' dir='ltr'><strong>ceditur:</strong></span> <span class='ocrx_word' id='word_1_69' title='bbox 659 1123 778 1186; x_wconf 89' lang='lat' dir='ltr'><strong>addicit</strong></span> <span class='ocrx_word' id='word_1_70' title='bbox 798 1133 936 1204; x_wconf 90' lang='lat' dir='ltr'><strong>praetor.</strong></span> <span class='ocrx_word' id='word_1_71' title='bbox 975 1124 1010 1183; x_wconf 91' lang='lat' dir='ltr'><strong>ln</strong></span> <span class='ocrx_word' id='word_1_72' title='bbox 1031 1124 1101 1184; x_wconf 89' lang='lat' dir='ltr'><strong>iure</strong></span> <span class='ocrx_word' id='word_1_73' title='bbox 1123 1122 1192 1184; x_wconf 88' lang='lat' dir='ltr'><strong>cedi</strong></span> <span class='ocrx_word' id='word_1_74' title='bbox 1215 1143 1265 1185; x_wconf 90' lang='lat' dir='ltr'><strong>res</strong></span> 
     </span>
     <span class='ocr_line' id='line_1_10' title="bbox 184 1207 1265 1292; baseline -0.001 -21"><span class='ocrx_word' id='word_1_75' title='bbox 184 1211 278 1272; x_wconf 89' lang='lat' dir='ltr'><strong>etiam</strong></span> <span class='ocrx_word' id='word_1_76' title='bbox 301 1211 514 1292; x_wconf 86' lang='lat' dir='ltr'><strong>incorporales</strong></span> <span class='ocrx_word' id='word_1_77' title='bbox 540 1220 687 1291; x_wconf 90' lang='lat' dir='ltr'><strong>possunt,</strong></span> <span class='ocrx_word' id='word_1_78' title='bbox 712 1210 802 1271; x_wconf 90' lang='lat' dir='ltr'><strong>uelut</strong></span> <span class='ocrx_word' id='word_1_79' title='bbox 825 1208 1025 1272; x_wconf 82' lang='lat' dir='ltr'><strong>ususfructus</strong></span> <span class='ocrx_word' id='word_1_80' title='bbox 1053 1217 1083 1269; x_wconf 92' lang='lat' dir='ltr'><strong>et</strong></span> <span class='ocrx_word' id='word_1_81' title='bbox 1104 1207 1265 1270; x_wconf 89' lang='lat' dir='ltr'><strong>hereditas</strong></span> 
     </span>
     <span class='ocr_line' id='line_1_11' title="bbox 126 1294 1315 1379; baseline -0.002 -26"><span class='ocrx_word' id='word_1_82' title='bbox 126 1294 163 1355; x_wconf 77' lang='grc'><strong>42</strong></span> <span class='ocrx_word' id='word_1_83' title='bbox 183 1306 213 1357; x_wconf 90' lang='grc' dir='ltr'><strong>ει</strong></span> <span class='ocrx_word' id='word_1_84' title='bbox 228 1297 326 1358; x_wconf 93' lang='lat' dir='ltr'><strong>tutela</strong></span> <span class='ocrx_word' id='word_1_85' title='bbox 338 1297 478 1379; x_wconf 78' lang='lat' dir='ltr'><strong>legitima</strong></span> <span class='ocrx_word' id='word_1_86' title='bbox 494 1296 636 1359; x_wconf 85' lang='lat' dir='ltr'><strong>libertae.</strong></span> <span class='ocrx_word' id='word_1_87' title='bbox 662 1295 827 1357; x_wconf 89' lang='lat' dir='ltr'><strong>Hereditas</strong></span> <span class='ocrx_word' id='word_1_88' title='bbox 843 1297 875 1356; x_wconf 91' lang='lat' dir='ltr'><strong>iu</strong></span> <span class='ocrx_word' id='word_1_89' title='bbox 888 1296 957 1359; x_wconf 93' lang='lat' dir='ltr'><strong>iure</strong></span> <span class='ocrx_word' id='word_1_90' title='bbox 969 1295 1094 1357; x_wconf 91' lang='lat' dir='ltr'><strong>ceditur</strong></span> <span class='ocrx_word' id='word_1_91' title='bbox 1105 1294 1159 1356; x_wconf 93' lang='lat' dir='ltr'><strong>uel</strong></span> <span class='ocrx_word' id='word_1_92' title='bbox 1175 1303 1266 1355; x_wconf 90' lang='lat' dir='ltr'><strong>ante·</strong></span> <span class='ocrx_word' id='word_1_93' title='bbox 1285 1308 1315 1351; x_wconf 81' lang='lat' dir='ltr'><strong>to</strong></span> 
     </span>
    </p>

    <p class='ocr_par' dir='ltr' id='par_1_6' title="bbox 125 1379 1267 1636">
     <span class='ocr_line' id='line_1_12' title="bbox 125 1379 1267 1464; baseline 0.001 -23"><span class='ocrx_word' id='word_1_94' title='bbox 125 1381 161 1441; x_wconf 86' lang='grc'><strong>43</strong></span> <span class='ocrx_word' id='word_1_95' title='bbox 182 1402 276 1463; x_wconf 91' lang='lat' dir='ltr'><strong>quam</strong></span> <span class='ocrx_word' id='word_1_96' title='bbox 292 1382 424 1445; x_wconf 90' lang='lat' dir='ltr'><strong>adeatur</strong></span> <span class='ocrx_word' id='word_1_97' title='bbox 438 1384 490 1445; x_wconf 91' lang='lat' dir='ltr'><strong>uel</strong></span> <span class='ocrx_word' id='word_1_98' title='bbox 512 1392 714 1464; x_wconf 87' lang='lat' dir='ltr'><strong>posteaquam</strong></span> <span class='ocrx_word' id='word_1_99' title='bbox 735 1381 821 1443; x_wconf 90' lang='lat' dir='ltr'><strong>adita</strong></span> <span class='ocrx_word' id='word_1_100' title='bbox 836 1380 943 1443; x_wconf 87' lang='lat' dir='ltr'><strong>fuerit.</strong></span> <span class='ocrx_word' id='word_1_101' title='bbox 976 1380 1155 1460; x_wconf 82' lang='lat' dir='ltr'><strong>Antequam</strong></span> <span class='ocrx_word' id='word_1_102' title='bbox 1170 1379 1267 1442; x_wconf 89' lang='lat' dir='ltr'><strong>adea·</strong></span> 
     </span>
     <span class='ocr_line' id='line_1_13' title="bbox 182 1465 1266 1551; baseline -0.003 -21"><span class='ocrx_word' id='word_1_103' title='bbox 182 1480 252 1548; x_wconf 91' lang='lat' dir='ltr'><strong>tur,</strong></span> <span class='ocrx_word' id='word_1_104' title='bbox 271 1469 304 1529; x_wconf 93' lang='lat' dir='ltr'><strong>in</strong></span> <span class='ocrx_word' id='word_1_105' title='bbox 321 1471 390 1531; x_wconf 92' lang='lat' dir='ltr'><strong>iure</strong></span> <span class='ocrx_word' id='word_1_106' title='bbox 406 1469 474 1531; x_wconf 92' lang='lat' dir='ltr'><strong>cedi</strong></span> <span class='ocrx_word' id='word_1_107' title='bbox 490 1478 594 1551; x_wconf 90' lang='lat' dir='ltr'><strong>potest</strong></span> <span class='ocrx_word' id='word_1_108' title='bbox 608 1467 649 1530; x_wconf 93' lang='lat' dir='ltr'><strong>ab</strong></span> <span class='ocrx_word' id='word_1_109' title='bbox 664 1467 780 1530; x_wconf 89' lang='lat' dir='ltr'><strong>herede</strong></span> <span class='ocrx_word' id='word_1_110' title='bbox 797 1468 944 1550; x_wconf 82' lang='lat' dir='ltr'><strong>lepitr&#39;mo:</strong></span> <span class='ocrx_word' id='word_1_111' title='bbox 961 1476 1164 1549; x_wconf 89' lang='lat' dir='ltr'><strong>posteaquam</strong></span> <span class='ocrx_word' id='word_1_112' title='bbox 1180 1465 1266 1528; x_wconf 89' lang='lat' dir='ltr'><strong>adita</strong></span> 
     </span>
     <span class='ocr_line' id='line_1_14' title="bbox 183 1553 1266 1636; baseline -0.002 -20"><span class='ocrx_word' id='word_1_113' title='bbox 183 1565 242 1634; x_wconf 93' lang='lat' dir='ltr'><strong>est,</strong></span> <span class='ocrx_word' id='word_1_114' title='bbox 261 1565 324 1617; x_wconf 91' lang='lat' dir='ltr'><strong>tam</strong></span> <span class='ocrx_word' id='word_1_115' title='bbox 340 1556 505 1636; x_wconf 83' lang='lat' dir='ltr'><strong>elegitimo</strong></span> <span class='ocrx_word' id='word_1_116' title='bbox 521 1573 616 1636; x_wconf 90' lang='lat' dir='ltr'><strong>quam</strong></span> <span class='ocrx_word' id='word_1_117' title='bbox 628 1553 669 1615; x_wconf 91' lang='lat' dir='ltr'><strong>ab</strong></span> <span class='ocrx_word' id='word_1_118' title='bbox 685 1573 732 1632; x_wconf 92' lang='lat' dir='ltr'><strong>eo,</strong></span> <span class='ocrx_word' id='word_1_119' title='bbox 752 1554 806 1634; x_wconf 92' lang='lat' dir='ltr'><strong>qui</strong></span> <span class='ocrx_word' id='word_1_120' title='bbox 822 1562 1008 1615; x_wconf 88' lang='lat' dir='ltr'><strong>testamento</strong></span> <span class='ocrx_word' id='word_1_121' title='bbox 1019 1554 1111 1614; x_wconf 88' lang='lat' dir='ltr'><strong>heres</strong></span> <span class='ocrx_word' id='word_1_122' title='bbox 1127 1553 1266 1633; x_wconf 91' lang='lat' dir='ltr'><strong>scriptus</strong></span> 
     </span>
    </p>

    <p class='ocr_par' dir='ltr' id='par_1_7' title="bbox 124 1637 1316 1978">
     <span class='ocr_line' id='line_1_15' title="bbox 124 1637 1266 1722; baseline 0.002 -25"><span class='ocrx_word' id='word_1_123' title='bbox 124 1639 162 1698; x_wconf 84' lang='lat' dir='ltr'><strong>ll</strong></span> <span class='ocrx_word' id='word_1_124' title='bbox 183 1651 241 1703; x_wconf 87' lang='lat' dir='ltr'><strong>est.</strong></span> <span class='ocrx_word' id='word_1_125' title='bbox 268 1642 299 1702; x_wconf 88' lang='lat' dir='ltr'><strong>Si</strong></span> <span class='ocrx_word' id='word_1_126' title='bbox 315 1652 485 1722; x_wconf 91' lang='lat' dir='ltr'><strong>antequam</strong></span> <span class='ocrx_word' id='word_1_127' title='bbox 500 1640 633 1703; x_wconf 90' lang='lat' dir='ltr'><strong>adeatur</strong></span> <span class='ocrx_word' id='word_1_128' title='bbox 651 1639 810 1701; x_wconf 88' lang='lat' dir='ltr'><strong>hereditas</strong></span> <span class='ocrx_word' id='word_1_129' title='bbox 824 1641 857 1699; x_wconf 90' lang='lat' dir='ltr'><strong>in</strong></span> <span class='ocrx_word' id='word_1_130' title='bbox 873 1640 941 1701; x_wconf 92' lang='lat' dir='ltr'><strong>iure</strong></span> <span class='ocrx_word' id='word_1_131' title='bbox 957 1657 1044 1701; x_wconf 90' lang='lat' dir='ltr'><strong>cessa</strong></span> <span class='ocrx_word' id='word_1_132' title='bbox 1059 1641 1116 1717; x_wconf 93' lang='lat' dir='ltr'><strong>sit,</strong></span> <span class='ocrx_word' id='word_1_133' title='bbox 1134 1637 1266 1720; x_wconf 91' lang='lat' dir='ltr'><strong>proinde</strong></span> 
     </span>
     <span class='ocr_line' id='line_1_16' title="bbox 181 1724 1316 1807; baseline -0.006 -19"><span class='ocrx_word' id='word_1_134' title='bbox 181 1730 275 1790; x_wconf 90' lang='lat' dir='ltr'><strong>heres</strong></span> <span class='ocrx_word' id='word_1_135' title='bbox 291 1728 336 1806; x_wconf 88' lang='lat' dir='ltr'><strong>fit,</strong></span> <span class='ocrx_word' id='word_1_136' title='bbox 354 1729 404 1789; x_wconf 91' lang='lat' dir='ltr'><strong>cui</strong></span> <span class='ocrx_word' id='word_1_137' title='bbox 420 1745 509 1789; x_wconf 90' lang='lat' dir='ltr'><strong>cessa</strong></span> <span class='ocrx_word' id='word_1_138' title='bbox 524 1739 581 1803; x_wconf 89' lang='lat' dir='ltr'><strong>est,</strong></span> <span class='ocrx_word' id='word_1_139' title='bbox 599 1727 677 1788; x_wconf 90' lang='lat' dir='ltr'><strong>acsi</strong></span> <span class='ocrx_word' id='word_1_140' title='bbox 694 1727 761 1807; x_wconf 88' lang='lat' dir='ltr'><strong>ipse</strong></span> <span class='ocrx_word' id='word_1_141' title='bbox 777 1725 870 1788; x_wconf 93' lang='lat' dir='ltr'><strong>heres</strong></span> <span class='ocrx_word' id='word_1_142' title='bbox 886 1726 1043 1806; x_wconf 83' lang='lat' dir='ltr'><strong>legitimus</strong></span> <span class='ocrx_word' id='word_1_143' title='bbox 1060 1735 1155 1787; x_wconf 89' lang='lat' dir='ltr'><strong>esset.</strong></span> <span class='ocrx_word' id='word_1_144' title='bbox 1180 1724 1266 1805; x_wconf 91' lang='lat' dir='ltr'><strong>quod</strong></span> <span class='ocrx_word' id='word_1_145' title='bbox 1286 1736 1316 1782; x_wconf 83' lang='lat' dir='ltr'><strong>ta</strong></span> 
     </span>
     <span class='ocr_line' id='line_1_17' title="bbox 182 1812 1267 1895; baseline -0.004 -20"><span class='ocrx_word' id='word_1_146' title='bbox 182 1816 209 1875; x_wconf 90' lang='lat' dir='ltr'><strong>sl</strong></span> <span class='ocrx_word' id='word_1_147' title='bbox 225 1824 426 1895; x_wconf 84' lang='lat' dir='ltr'><strong>posteaquem</strong></span> <span class='ocrx_word' id='word_1_148' title='bbox 441 1812 527 1875; x_wconf 90' lang='lat' dir='ltr'><strong>adita</strong></span> <span class='ocrx_word' id='word_1_149' title='bbox 538 1812 644 1891; x_wconf 88' lang='lat' dir='ltr'><strong>fuerit,</strong></span> <span class='ocrx_word' id='word_1_150' title='bbox 664 1814 695 1872; x_wconf 93' lang='lat' dir='ltr'><strong>in</strong></span> <span class='ocrx_word' id='word_1_151' title='bbox 710 1814 780 1873; x_wconf 92' lang='lat' dir='ltr'><strong>iure</strong></span> <span class='ocrx_word' id='word_1_152' title='bbox 796 1830 884 1873; x_wconf 91' lang='lat' dir='ltr'><strong>cessa</strong></span> <span class='ocrx_word' id='word_1_153' title='bbox 899 1813 949 1890; x_wconf 93' lang='lat' dir='ltr'><strong>sit,</strong></span> <span class='ocrx_word' id='word_1_154' title='bbox 969 1813 996 1873; x_wconf 95' lang='lat' dir='ltr'><strong>is</strong></span> <span class='ocrx_word' id='word_1_155' title='bbox 1010 1813 1065 1892; x_wconf 89' lang='lat' dir='ltr'><strong>qui</strong></span> <span class='ocrx_word' id='word_1_156' title='bbox 1081 1812 1175 1873; x_wconf 88' lang='lat' dir='ltr'><strong>cessit</strong></span> <span class='ocrx_word' id='word_1_157' title='bbox 1190 1831 1267 1892; x_wconf 92' lang='lat' dir='ltr'><strong>per-</strong></span> 
     </span>
     <span class='ocr_line' id='line_1_18' title="bbox 183 1896 1263 1978; baseline -0.003 -17"><span class='ocrx_word' id='word_1_158' title='bbox 183 1910 288 1968; x_wconf 86' lang='lat' dir='ltr'><strong>manet</strong></span> <span class='ocrx_word' id='word_1_159' title='bbox 303 1901 398 1962; x_wconf 89' lang='lat' dir='ltr'><strong>heres</strong></span> <span class='ocrx_word' id='word_1_160' title='bbox 421 1909 453 1960; x_wconf 86' lang='lat' dir='ltr'><strong>et</strong></span> <span class='ocrx_word' id='word_1_161' title='bbox 468 1898 508 1960; x_wconf 94' lang='lat' dir='ltr'><strong>ob</strong></span> <span class='ocrx_word' id='word_1_162' title='bbox 523 1898 557 1961; x_wconf 89' lang='lat' dir='ltr'><strong>id</strong></span> <span class='ocrx_word' id='word_1_163' title='bbox 577 1898 783 1962; x_wconf 86' lang='lat' dir='ltr'><strong>creditoribus</strong></span> <span class='ocrx_word' id='word_1_164' title='bbox 806 1898 947 1960; x_wconf 83' lang='lat' dir='ltr'><strong>defuncti</strong></span> <span class='ocrx_word' id='word_1_165' title='bbox 970 1908 1075 1959; x_wconf 90' lang='lat' dir='ltr'><strong>manet</strong></span> <span class='ocrx_word' id='word_1_166' title='bbox 1091 1896 1263 1978; x_wconf 77' lang='lat' dir='ltr'><strong>obligatus:</strong></span> 
     </span>
    </p>

    <p class='ocr_par' dir='ltr' id='par_1_8' title="bbox 125 1982 1316 2236">
     <span class='ocr_line' id='line_1_19' title="bbox 125 1982 1267 2067; baseline 0.004 -26"><span class='ocrx_word' id='word_1_167' title='bbox 125 1982 163 2042; x_wconf 81' lang='lat' dir='ltr'><strong>tt</strong></span> <span class='ocrx_word' id='word_1_168' title='bbox 182 1984 295 2047; x_wconf 89' lang='lat' dir='ltr'><strong>Debita</strong></span> <span class='ocrx_word' id='word_1_169' title='bbox 306 2005 383 2047; x_wconf 90' lang='lat' dir='ltr'><strong>uero</strong></span> <span class='ocrx_word' id='word_1_170' title='bbox 395 1994 544 2067; x_wconf 91' lang='lat' dir='ltr'><strong>pereunt,</strong></span> <span class='ocrx_word' id='word_1_171' title='bbox 561 1985 595 2047; x_wconf 94' lang='lat' dir='ltr'><strong>id</strong></span> <span class='ocrx_word' id='word_1_172' title='bbox 611 1995 658 2047; x_wconf 93' lang='lat' dir='ltr'><strong>est</strong></span> <span class='ocrx_word' id='word_1_173' title='bbox 674 1983 835 2046; x_wconf 90' lang='lat' dir='ltr'><strong>debitores</strong></span> <span class='ocrx_word' id='word_1_174' title='bbox 851 1983 994 2046; x_wconf 79' lang='lat' dir='ltr'><strong>defuncti</strong></span> <span class='ocrx_word' id='word_1_175' title='bbox 1009 1982 1197 2062; x_wconf 77' lang='lat' dir='ltr'><strong>liberantur,</strong></span> <span class='ocrx_word' id='word_1_176' title='bbox 1216 2004 1267 2045; x_wconf 92' lang='lat' dir='ltr'><strong>res</strong></span> 
     </span>
     <span class='ocr_line' id='line_1_20' title="bbox 184 2071 1267 2151; baseline -0.002 -19"><span class='ocrx_word' id='word_1_177' title='bbox 184 2081 289 2134; x_wconf 91' lang='lat' dir='ltr'><strong>autem</strong></span> <span class='ocrx_word' id='word_1_178' title='bbox 305 2072 490 2150; x_wconf 91' lang='lat' dir='ltr'><strong>corporales,</strong></span> <span class='ocrx_word' id='word_1_179' title='bbox 509 2073 605 2151; x_wconf 79' lang='lat' dir='ltr'><strong>quasi</strong></span> <span class='ocrx_word' id='word_1_180' title='bbox 618 2071 759 2151; x_wconf 78' lang='lat' dir='ltr'><strong>singulae</strong></span> <span class='ocrx_word' id='word_1_181' title='bbox 775 2071 808 2131; x_wconf 93' lang='lat' dir='ltr'><strong>in</strong></span> <span class='ocrx_word' id='word_1_182' title='bbox 824 2072 894 2131; x_wconf 92' lang='lat' dir='ltr'><strong>iure</strong></span> <span class='ocrx_word' id='word_1_183' title='bbox 909 2088 1015 2132; x_wconf 89' lang='lat' dir='ltr'><strong>cessae</strong></span> <span class='ocrx_word' id='word_1_184' title='bbox 1030 2079 1142 2147; x_wconf 86' lang='lat' dir='ltr'><strong>essent,</strong></span> <span class='ocrx_word' id='word_1_185' title='bbox 1160 2079 1267 2133; x_wconf 89' lang='lat' dir='ltr'><strong>trans-</strong></span> 
     </span>
     <span class='ocr_line' id='line_1_21' title="bbox 184 2156 1316 2236; baseline -0.007 -17"><span class='ocrx_word' id='word_1_186' title='bbox 184 2167 261 2220; x_wconf 93' lang='lat' dir='ltr'><strong>eunt</strong></span> <span class='ocrx_word' id='word_1_187' title='bbox 276 2156 317 2218; x_wconf 92' lang='lat' dir='ltr'><strong>ad</strong></span> <span class='ocrx_word' id='word_1_188' title='bbox 333 2177 416 2236; x_wconf 91' lang='lat' dir='ltr'><strong>eum,</strong></span> <span class='ocrx_word' id='word_1_189' title='bbox 436 2159 487 2219; x_wconf 91' lang='lat' dir='ltr'><strong>cui</strong></span> <span class='ocrx_word' id='word_1_190' title='bbox 503 2177 592 2219; x_wconf 90' lang='lat' dir='ltr'><strong>cessa</strong></span> <span class='ocrx_word' id='word_1_191' title='bbox 607 2166 654 2219; x_wconf 90' lang='lat' dir='ltr'><strong>est</strong></span> <span class='ocrx_word' id='word_1_192' title='bbox 670 2156 844 2218; x_wconf 90' lang='lat' dir='ltr'><strong>hereditas.</strong></span> <span class='ocrx_word' id='word_1_193' title='bbox 1283 2166 1316 2212; x_wconf 74' lang='lat' dir='ltr'><strong>so</strong></span> 
     </span>
    </p>

    <p class='ocr_par' dir='ltr' id='par_1_9' title="bbox 127 2240 1269 2491">
     <span class='ocr_line' id='line_1_22' title="bbox 127 2240 1268 2325; baseline 0.002 -25"><span class='ocrx_word' id='word_1_194' title='bbox 127 2242 165 2301; x_wconf 87' lang='grc'><strong>46</strong></span> <span class='ocrx_word' id='word_1_195' title='bbox 268 2241 510 2305; x_wconf 88' lang='lat' dir='ltr'><strong>Adiudicatione</strong></span> <span class='ocrx_word' id='word_1_196' title='bbox 532 2243 670 2305; x_wconf 90' lang='lat' dir='ltr'><strong>dominia</strong></span> <span class='ocrx_word' id='word_1_197' title='bbox 685 2244 898 2304; x_wconf 89' lang='lat' dir='ltr'><strong>nanciscimur</strong></span> <span class='ocrx_word' id='word_1_198' title='bbox 920 2259 979 2322; x_wconf 93' lang='lat' dir='ltr'><strong>per</strong></span> <span class='ocrx_word' id='word_1_199' title='bbox 989 2240 1159 2325; x_wconf 80' lang='lat' dir='ltr'><strong>formulam</strong></span> <span class='ocrx_word' id='word_1_200' title='bbox 1174 2240 1268 2302; x_wconf 91' lang='lat' dir='ltr'><strong>fami-</strong></span> 
     </span>
     <span class='ocr_line' id='line_1_23' title="bbox 184 2325 1268 2410; baseline -0.004 -20"><span class='ocrx_word' id='word_1_201' title='bbox 184 2331 245 2392; x_wconf 89' lang='lat' dir='ltr'><strong>liae</strong></span> <span class='ocrx_word' id='word_1_202' title='bbox 265 2329 510 2408; x_wconf 91' lang='lat' dir='ltr'><strong>herciscundae,</strong></span> <span class='ocrx_word' id='word_1_203' title='bbox 530 2349 612 2410; x_wconf 90' lang='lat' dir='ltr'><strong>quae</strong></span> <span class='ocrx_word' id='word_1_204' title='bbox 628 2331 730 2390; x_wconf 91' lang='lat' dir='ltr'><strong>locum</strong></span> <span class='ocrx_word' id='word_1_205' title='bbox 745 2328 839 2390; x_wconf 89' lang='lat' dir='ltr'><strong>habet</strong></span> <span class='ocrx_word' id='word_1_206' title='bbox 858 2330 942 2389; x_wconf 80' lang='lat' dir='ltr'><strong>ihter</strong></span> <span class='ocrx_word' id='word_1_207' title='bbox 957 2325 1143 2405; x_wconf 88' lang='lat' dir='ltr'><strong>coheredes,</strong></span> <span class='ocrx_word' id='word_1_208' title='bbox 1164 2335 1195 2387; x_wconf 94' lang='lat' dir='ltr'><strong>et</strong></span> <span class='ocrx_word' id='word_1_209' title='bbox 1210 2347 1268 2407; x_wconf 91' lang='lat' dir='ltr'><strong>per</strong></span> 
     </span>
     <span class='ocr_line' id='line_1_24' title="bbox 185 2413 1269 2491; baseline -0.005 -14"><span class='ocrx_word' id='word_1_210' title='bbox 185 2416 352 2477; x_wconf 88' lang='lat' dir='ltr'><strong>formulam</strong></span> <span class='ocrx_word' id='word_1_211' title='bbox 373 2417 529 2478; x_wconf 92' lang='lat' dir='ltr'><strong>communi</strong></span> <span class='ocrx_word' id='word_1_212' title='bbox 550 2414 744 2489; x_wconf 90' lang='lat' dir='ltr'><strong>diuidundo,</strong></span> <span class='ocrx_word' id='word_1_213' title='bbox 771 2417 822 2477; x_wconf 91' lang='lat' dir='ltr'><strong>cui</strong></span> <span class='ocrx_word' id='word_1_214' title='bbox 837 2415 923 2476; x_wconf 90' lang='lat' dir='ltr'><strong>locus</strong></span> <span class='ocrx_word' id='word_1_215' title='bbox 940 2423 989 2475; x_wconf 89' lang='lat' dir='ltr'><strong>est</strong></span> <span class='ocrx_word' id='word_1_216' title='bbox 1004 2415 1088 2475; x_wconf 91' lang='lat' dir='ltr'><strong>iuter</strong></span> <span class='ocrx_word' id='word_1_217' title='bbox 1103 2413 1217 2491; x_wconf 89' lang='lat' dir='ltr'><strong>socios,</strong></span> <span class='ocrx_word' id='word_1_218' title='bbox 1238 2422 1269 2473; x_wconf 89' lang='lat' dir='ltr'><strong>et</strong></span> 
     </span>
    </p>

    <p class='ocr_par' dir='ltr' id='par_1_10' title="bbox 100 2499 1319 2840">
     <span class='ocr_line' id='line_1_25' title="bbox 100 2499 1264 2584; baseline -0.005 -20"><span class='ocrx_word' id='word_1_219' title='bbox 100 2550 106 2569; x_wconf 84' lang='grc'><em>,</em></span> <span class='ocrx_word' id='word_1_220' title='bbox 184 2521 244 2584; x_wconf 92' lang='lat' dir='ltr'><strong>per</strong></span> <span class='ocrx_word' id='word_1_221' title='bbox 266 2500 433 2563; x_wconf 92' lang='lat' dir='ltr'><strong>formulam</strong></span> <span class='ocrx_word' id='word_1_222' title='bbox 454 2502 565 2563; x_wconf 89' lang='lat' dir='ltr'><strong>finium</strong></span> <span class='ocrx_word' id='word_1_223' title='bbox 595 2501 827 2582; x_wconf 85' lang='lat' dir='ltr'><strong>regundorum,</strong></span> <span class='ocrx_word' id='word_1_224' title='bbox 853 2520 934 2580; x_wconf 92' lang='lat' dir='ltr'><strong>quae</strong></span> <span class='ocrx_word' id='word_1_225' title='bbox 958 2509 1005 2561; x_wconf 92' lang='lat' dir='ltr'><strong>est</strong></span> <span class='ocrx_word' id='word_1_226' title='bbox 1026 2499 1110 2559; x_wconf 91' lang='lat' dir='ltr'><strong>inter</strong></span> <span class='ocrx_word' id='word_1_227' title='bbox 1131 2499 1264 2560; x_wconf 85' lang='lat' dir='ltr'><strong>uicinos.</strong></span> 
     </span>
     <span class='ocr_line' id='line_1_26' title="bbox 184 2585 1319 2669; baseline -0.009 -20"><span class='ocrx_word' id='word_1_228' title='bbox 184 2607 257 2649; x_wconf 89' lang='lat' dir='ltr'><strong>nam</strong></span> <span class='ocrx_word' id='word_1_229' title='bbox 273 2589 300 2650; x_wconf 91' lang='lat' dir='ltr'><strong>si</strong></span> <span class='ocrx_word' id='word_1_230' title='bbox 315 2587 413 2669; x_wconf 86' lang='lat' dir='ltr'><strong>iudex</strong></span> <span class='ocrx_word' id='word_1_231' title='bbox 433 2589 489 2650; x_wconf 92' lang='lat' dir='ltr'><strong>uni</strong></span> <span class='ocrx_word' id='word_1_232' title='bbox 506 2607 545 2649; x_wconf 83' lang='lat' dir='ltr'><strong>ex</strong></span> <span class='ocrx_word' id='word_1_233' title='bbox 559 2587 730 2649; x_wconf 89' lang='lat' dir='ltr'><strong>heredibus</strong></span> <span class='ocrx_word' id='word_1_234' title='bbox 745 2598 800 2649; x_wconf 90' lang='lat' dir='ltr'><strong>aut</strong></span> <span class='ocrx_word' id='word_1_235' title='bbox 815 2587 907 2649; x_wconf 90' lang='lat' dir='ltr'><strong>sociis</strong></span> <span class='ocrx_word' id='word_1_236' title='bbox 923 2596 977 2648; x_wconf 94' lang='lat' dir='ltr'><strong>aut</strong></span> <span class='ocrx_word' id='word_1_237' title='bbox 999 2585 1111 2647; x_wconf 90' lang='lat' dir='ltr'><strong>uicinis</strong></span> <span class='ocrx_word' id='word_1_238' title='bbox 1127 2603 1194 2645; x_wconf 90' lang='lat' dir='ltr'><strong>rem</strong></span> <span class='ocrx_word' id='word_1_239' title='bbox 1210 2585 1269 2645; x_wconf 89' lang='lat' dir='ltr'><strong>ali·</strong></span> <span class='ocrx_word' id='word_1_240' title='bbox 1288 2595 1319 2640; x_wconf 78' lang='lat' dir='ltr'><strong>aa</strong></span> 
     </span>
     <span class='ocr_line' id='line_1_27' title="bbox 185 2671 1268 2755; baseline -0.005 -19"><span class='ocrx_word' id='word_1_241' title='bbox 185 2693 280 2755; x_wconf 91' lang='lat' dir='ltr'><strong>quam</strong></span> <span class='ocrx_word' id='word_1_242' title='bbox 295 2673 539 2753; x_wconf 89' lang='lat' dir='ltr'><strong>adiudicauerit,</strong></span> <span class='ocrx_word' id='word_1_243' title='bbox 560 2675 664 2735; x_wconf 89' lang='lat' dir='ltr'><strong>statim</strong></span> <span class='ocrx_word' id='word_1_244' title='bbox 681 2674 726 2734; x_wconf 93' lang='lat' dir='ltr'><strong>illi</strong></span> <span class='ocrx_word' id='word_1_245' title='bbox 742 2672 930 2754; x_wconf 87' lang='lat' dir='ltr'><strong>adquiritur,</strong></span> <span class='ocrx_word' id='word_1_246' title='bbox 948 2674 1017 2734; x_wconf 93' lang='lat' dir='ltr'><strong>siue</strong></span> <span class='ocrx_word' id='word_1_247' title='bbox 1032 2671 1182 2751; x_wconf 90' lang='lat' dir='ltr'><strong>mancipii</strong></span> <span class='ocrx_word' id='word_1_248' title='bbox 1198 2671 1268 2731; x_wconf 91' lang='lat' dir='ltr'><strong>siue</strong></span> 
     </span>
     <span class='ocr_line' id='line_1_28' title="bbox 183 2761 474 2840; baseline 0.007 -20"><span class='ocrx_word' id='word_1_249' title='bbox 183 2779 243 2821; x_wconf 90' lang='lat' dir='ltr'><strong>neo</strong></span> <span class='ocrx_word' id='word_1_250' title='bbox 257 2761 407 2840; x_wconf 89' lang='lat' dir='ltr'><strong>mancipii</strong></span> <span class='ocrx_word' id='word_1_251' title='bbox 423 2762 474 2822; x_wconf 90' lang='lat' dir='ltr'><strong>sit.</strong></span> 
     </span>
    </p>

    <p class='ocr_par' dir='ltr' id='par_1_11' title="bbox 127 2843 1316 3099">
     <span class='ocr_line' id='line_1_29' title="bbox 127 2843 1270 2928; baseline -0.001 -25"><span class='ocrx_word' id='word_1_252' title='bbox 127 2843 165 2904; x_wconf 86' lang='grc'><strong>47</strong></span> <span class='ocrx_word' id='word_1_253' title='bbox 270 2848 351 2926; x_wconf 82' lang='lat' dir='ltr'><strong>Lege</strong></span> <span class='ocrx_word' id='word_1_254' title='bbox 366 2846 458 2908; x_wconf 92' lang='lat' dir='ltr'><strong>nohis</strong></span> <span class='ocrx_word' id='word_1_255' title='bbox 473 2845 654 2928; x_wconf 89' lang='lat' dir='ltr'><strong>adquiritur</strong></span> <span class='ocrx_word' id='word_1_256' title='bbox 676 2846 765 2907; x_wconf 90' lang='lat' dir='ltr'><strong>uelut</strong></span> <span class='ocrx_word' id='word_1_257' title='bbox 781 2844 935 2907; x_wconf 89' lang='lat' dir='ltr'><strong>caducum</strong></span> <span class='ocrx_word' id='word_1_258' title='bbox 950 2844 1003 2906; x_wconf 92' lang='lat' dir='ltr'><strong>uel</strong></span> <span class='ocrx_word' id='word_1_259' title='bbox 1020 2844 1213 2923; x_wconf 88' lang='lat' dir='ltr'><strong>ereptorium</strong></span> <span class='ocrx_word' id='word_1_260' title='bbox 1229 2861 1270 2903; x_wconf 86' lang='lat' dir='ltr'><strong>ex</strong></span> 
     </span>
     <span class='ocr_line' id='line_1_30' title="bbox 184 2927 1270 3014; baseline -0.003 -21"><span class='ocrx_word' id='word_1_261' title='bbox 184 2933 253 3013; x_wconf 77' lang='lat' dir='ltr'><strong>lege</strong></span> <span class='ocrx_word' id='word_1_262' title='bbox 268 2934 361 3013; x_wconf 91' lang='lat' dir='ltr'><strong>Papia</strong></span> <span class='ocrx_word' id='word_1_263' title='bbox 379 2935 538 3014; x_wconf 89' lang='lat' dir='ltr'><strong>Poppaea,</strong></span> <span class='ocrx_word' id='word_1_264' title='bbox 556 2932 632 2993; x_wconf 90' lang='lat' dir='ltr'><strong>item</strong></span> <span class='ocrx_word' id='word_1_265' title='bbox 654 2933 792 3013; x_wconf 80' lang='lat' dir='ltr'><strong>legatum</strong></span> <span class='ocrx_word' id='word_1_266' title='bbox 814 2931 938 3013; x_wconf 78' lang='lat' dir='ltr'><strong>exlege</strong></span> <span class='ocrx_word' id='word_1_267' title='bbox 961 2928 1125 2991; x_wconf 88' lang='lat' dir='ltr'><strong>duodecim</strong></span> <span class='ocrx_word' id='word_1_268' title='bbox 1146 2927 1270 2990; x_wconf 90' lang='lat' dir='ltr'><strong>tabula-</strong></span> 
     </span>
     <span class='ocr_line' id='line_1_31' title="bbox 184 3017 1316 3099; baseline -0.009 -20"><span class='ocrx_word' id='word_1_269' title='bbox 184 3036 267 3098; x_wconf 91' lang='lat' dir='ltr'><strong>rum,</strong></span> <span class='ocrx_word' id='word_1_270' title='bbox 287 3021 356 3080; x_wconf 88' lang='lat' dir='ltr'><strong>siue</strong></span> <span class='ocrx_word' id='word_1_271' title='bbox 371 3020 520 3099; x_wconf 89' lang='lat' dir='ltr'><strong>mancipii</strong></span> <span class='ocrx_word' id='word_1_272' title='bbox 537 3038 589 3081; x_wconf 89' lang='lat' dir='ltr'><strong>res</strong></span> <span class='ocrx_word' id='word_1_273' title='bbox 604 3019 667 3080; x_wconf 87' lang='lat' dir='ltr'><strong>sint</strong></span> <span class='ocrx_word' id='word_1_274' title='bbox 683 3019 750 3080; x_wconf 93' lang='lat' dir='ltr'><strong>siue</strong></span> <span class='ocrx_word' id='word_1_275' title='bbox 766 3036 825 3079; x_wconf 92' lang='lat' dir='ltr'><strong>nec</strong></span> <span class='ocrx_word' id='word_1_276' title='bbox 839 3017 999 3097; x_wconf 91' lang='lat' dir='ltr'><strong>mancipii.</strong></span> <span class='ocrx_word' id='word_1_277' title='bbox 1285 3025 1316 3070; x_wconf 82' lang='lat' dir='ltr'><strong>ao</strong></span> 
     </span>
    </p>
   </div>
   <div class='ocr_carea' id='block_1_3' title="bbox 16 3086 1269 3186">
    <p class='ocr_par' dir='ltr' id='par_1_12' title="bbox 16 3086 1269 3186">
     <span class='ocr_line' id='line_1_32' title="bbox 16 3086 1269 3186; baseline 0 -24"><span class='ocrx_word' id='word_1_278' title='bbox 16 3086 19 3091; x_wconf 38' lang='lat'><em>⁴</em></span> <span class='ocrx_word' id='word_1_279' title='bbox 126 3103 165 3162; x_wconf 86' lang='grc'><strong>48</strong></span> <span class='ocrx_word' id='word_1_280' title='bbox 270 3104 461 3186; x_wconf 84' lang='lat' dir='ltr'><strong>Adquiritur</strong></span> <span class='ocrx_word' id='word_1_281' title='bbox 489 3116 590 3167; x_wconf 84' lang='lat' dir='ltr'><strong>autem</strong></span> <span class='ocrx_word' id='word_1_282' title='bbox 612 3103 704 3166; x_wconf 89' lang='lat' dir='ltr'><strong>nohis</strong></span> <span class='ocrx_word' id='word_1_283' title='bbox 726 3105 820 3165; x_wconf 89' lang='lat' dir='ltr'><strong>etiam</strong></span> <span class='ocrx_word' id='word_1_284' title='bbox 845 3122 905 3185; x_wconf 89' lang='lat' dir='ltr'><strong>per</strong></span> <span class='ocrx_word' id='word_1_285' title='bbox 925 3121 978 3166; x_wconf 91' lang='lat' dir='ltr'><strong>eas</strong></span> <span class='ocrx_word' id='word_1_286' title='bbox 999 3120 1165 3184; x_wconf 89' lang='lat' dir='ltr'><strong>personas,</strong></span> <span class='ocrx_word' id='word_1_287' title='bbox 1190 3119 1269 3180; x_wconf 90' lang='lat' dir='ltr'><strong>quas</strong></span> 
     </span>
    </p>
   </div>
   <div class='ocr_carea' id='block_1_4' title="bbox 125 3183 1320 3698">
    <p class='ocr_par' dir='ltr' id='par_1_13' title="bbox 125 3183 1320 3698">
     <span class='ocr_line' id='line_1_33' title="bbox 184 3183 1269 3273; baseline -0.003 -21"><span class='ocrx_word' id='word_1_288' title='bbox 184 3192 218 3252; x_wconf 91' lang='lat' dir='ltr'><strong>iu</strong></span> <span class='ocrx_word' id='word_1_289' title='bbox 234 3200 386 3273; x_wconf 89' lang='lat' dir='ltr'><strong>potestate</strong></span> <span class='ocrx_word' id='word_1_290' title='bbox 408 3210 503 3253; x_wconf 90' lang='lat' dir='ltr'><strong>manu</strong></span> <span class='ocrx_word' id='word_1_291' title='bbox 518 3190 715 3270; x_wconf 89' lang='lat' dir='ltr'><strong>mancipioue</strong></span> <span class='ocrx_word' id='word_1_292' title='bbox 730 3183 895 3251; x_wconf 90' lang='lat' dir='ltr'><strong>habemus.</strong></span> <span class='ocrx_word' id='word_1_293' title='bbox 920 3191 1029 3268; x_wconf 89' lang='lat' dir='ltr'><strong>itaque</strong></span> <span class='ocrx_word' id='word_1_294' title='bbox 1045 3189 1073 3249; x_wconf 92' lang='lat' dir='ltr'><strong>si</strong></span> <span class='ocrx_word' id='word_1_295' title='bbox 1088 3187 1165 3266; x_wconf 87' lang='lat' dir='ltr'><strong>quid</strong></span> <span class='ocrx_word' id='word_1_296' title='bbox 1180 3206 1269 3249; x_wconf 89' lang='lat' dir='ltr'><strong>man-</strong></span> 
     </span>
     <span class='ocr_line' id='line_1_34' title="bbox 184 3273 1270 3359; baseline -0.005 -21"><span class='ocrx_word' id='word_1_297' title='bbox 184 3278 266 3358; x_wconf 90' lang='lat' dir='ltr'><strong>cipio</strong></span> <span class='ocrx_word' id='word_1_298' title='bbox 288 3286 363 3358; x_wconf 90' lang='lat' dir='ltr'><strong>puta</strong></span> <span class='ocrx_word' id='word_1_299' title='bbox 386 3279 564 3359; x_wconf 75' lang='lat' dir='ltr'><strong>acceperint</strong></span> <span class='ocrx_word' id='word_1_300' title='bbox 585 3286 641 3338; x_wconf 91' lang='lat' dir='ltr'><strong>aut</strong></span> <span class='ocrx_word' id='word_1_301' title='bbox 660 3275 811 3338; x_wconf 88' lang='lat' dir='ltr'><strong>traditum</strong></span> <span class='ocrx_word' id='word_1_302' title='bbox 833 3277 880 3337; x_wconf 90' lang='lat' dir='ltr'><strong>eis</strong></span> <span class='ocrx_word' id='word_1_303' title='bbox 895 3277 937 3336; x_wconf 92' lang='lat' dir='ltr'><strong>sit</strong></span> <span class='ocrx_word' id='word_1_304' title='bbox 959 3276 1012 3336; x_wconf 92' lang='lat' dir='ltr'><strong>uel</strong></span> <span class='ocrx_word' id='word_1_305' title='bbox 1034 3273 1175 3353; x_wconf 89' lang='lat' dir='ltr'><strong>stipulati</strong></span> <span class='ocrx_word' id='word_1_306' title='bbox 1198 3273 1270 3335; x_wconf 91' lang='lat' dir='ltr'><strong>fue-</strong></span> 
     </span>
     <span class='ocr_line' id='line_1_35' title="bbox 127 3359 1269 3445; baseline -0.001 -25"><span class='ocrx_word' id='word_1_307' title='bbox 127 3362 167 3422; x_wconf 84' lang='grc'><strong>49</strong></span> <span class='ocrx_word' id='word_1_308' title='bbox 185 3365 262 3442; x_wconf 82' lang='lat' dir='ltr'><strong>rint,</strong></span> <span class='ocrx_word' id='word_1_309' title='bbox 277 3362 319 3425; x_wconf 89' lang='lat' dir='ltr'><strong>ad</strong></span> <span class='ocrx_word' id='word_1_310' title='bbox 330 3383 386 3424; x_wconf 93' lang='lat' dir='ltr'><strong>nos</strong></span> <span class='ocrx_word' id='word_1_311' title='bbox 402 3365 552 3445; x_wconf 88' lang='lat' dir='ltr'><strong>pertinet.</strong></span> <span class='ocrx_word' id='word_1_312' title='bbox 577 3363 655 3424; x_wconf 90' lang='lat' dir='ltr'><strong>Item</strong></span> <span class='ocrx_word' id='word_1_313' title='bbox 668 3364 695 3426; x_wconf 92' lang='lat' dir='ltr'><strong>si</strong></span> <span class='ocrx_word' id='word_1_314' title='bbox 710 3360 842 3424; x_wconf 91' lang='lat' dir='ltr'><strong>heredes</strong></span> <span class='ocrx_word' id='word_1_315' title='bbox 855 3361 992 3422; x_wconf 89' lang='lat' dir='ltr'><strong>instituti</strong></span> <span class='ocrx_word' id='word_1_316' title='bbox 1008 3361 1073 3421; x_wconf 91' lang='lat' dir='ltr'><strong>siut</strong></span> <span class='ocrx_word' id='word_1_317' title='bbox 1088 3359 1269 3439; x_wconf 80' lang='lat' dir='ltr'><strong>legatumne</strong></span> 
     </span>
     <span class='ocr_line' id='line_1_36' title="bbox 186 3444 1320 3528; baseline -0.008 -17"><span class='ocrx_word' id='word_1_318' title='bbox 186 3451 231 3511; x_wconf 92' lang='lat' dir='ltr'><strong>eis</strong></span> <span class='ocrx_word' id='word_1_319' title='bbox 247 3450 305 3528; x_wconf 94' lang='lat' dir='ltr'><strong>sit,</strong></span> <span class='ocrx_word' id='word_1_320' title='bbox 323 3459 355 3511; x_wconf 93' lang='lat' dir='ltr'><strong>et</strong></span> <span class='ocrx_word' id='word_1_321' title='bbox 370 3449 578 3512; x_wconf 88' lang='lat' dir='ltr'><strong>hereditatem</strong></span> <span class='ocrx_word' id='word_1_322' title='bbox 595 3451 685 3511; x_wconf 92' lang='lat' dir='ltr'><strong>iussu</strong></span> <span class='ocrx_word' id='word_1_323' title='bbox 699 3458 805 3510; x_wconf 86' lang='lat' dir='ltr'><strong>nostro</strong></span> <span class='ocrx_word' id='word_1_324' title='bbox 820 3446 976 3509; x_wconf 88' lang='lat' dir='ltr'><strong>adeuntes</strong></span> <span class='ocrx_word' id='word_1_325' title='bbox 991 3445 1083 3508; x_wconf 90' lang='lat' dir='ltr'><strong>uobis</strong></span> <span class='ocrx_word' id='word_1_326' title='bbox 1097 3444 1270 3525; x_wconf 90' lang='lat' dir='ltr'><strong>adquirunt</strong></span> <span class='ocrx_word' id='word_1_327' title='bbox 1289 3454 1320 3500; x_wconf 79' lang='lat' dir='ltr'><strong>st</strong></span> 
     </span>
     <span class='ocr_line' id='line_1_37' title="bbox 125 3530 1271 3616; baseline -0.005 -21"><span class='ocrx_word' id='word_1_328' title='bbox 125 3533 165 3595; x_wconf 75' lang='lat'><strong>20</strong></span> <span class='ocrx_word' id='word_1_329' title='bbox 186 3545 218 3597; x_wconf 91' lang='lat' dir='ltr'><strong>et</strong></span> <span class='ocrx_word' id='word_1_330' title='bbox 232 3535 369 3616; x_wconf 78' lang='lat' dir='ltr'><strong>legatum</strong></span> <span class='ocrx_word' id='word_1_331' title='bbox 390 3534 431 3597; x_wconf 95' lang='lat' dir='ltr'><strong>ad</strong></span> <span class='ocrx_word' id='word_1_332' title='bbox 446 3556 503 3597; x_wconf 91' lang='lat' dir='ltr'><strong>nos</strong></span> <span class='ocrx_word' id='word_1_333' title='bbox 526 3538 675 3616; x_wconf 86' lang='lat' dir='ltr'><strong>pertinet.</strong></span> <span class='ocrx_word' id='word_1_334' title='bbox 708 3535 740 3596; x_wconf 88' lang='lat' dir='ltr'><strong>Si</strong></span> <span class='ocrx_word' id='word_1_335' title='bbox 762 3552 875 3596; x_wconf 90' lang='lat' dir='ltr'><strong>seruus</strong></span> <span class='ocrx_word' id='word_1_336' title='bbox 895 3534 1026 3595; x_wconf 91' lang='lat' dir='ltr'><strong>alterius</strong></span> <span class='ocrx_word' id='word_1_337' title='bbox 1042 3533 1075 3593; x_wconf 92' lang='lat' dir='ltr'><strong>in</strong></span> <span class='ocrx_word' id='word_1_338' title='bbox 1095 3531 1204 3608; x_wconf 89' lang='lat' dir='ltr'><strong>bonis,</strong></span> <span class='ocrx_word' id='word_1_339' title='bbox 1224 3530 1271 3592; x_wconf 88' lang='lat' dir='ltr'><strong>al-</strong></span> 
     </span>
     <span class='ocr_line' id='line_1_38' title="bbox 186 3616 1266 3698; baseline -0.006 -16"><span class='ocrx_word' id='word_1_340' title='bbox 186 3623 287 3684; x_wconf 87' lang='lat' dir='ltr'><strong>terius</strong></span> <span class='ocrx_word' id='word_1_341' title='bbox 309 3641 349 3682; x_wconf 80' lang='lat' dir='ltr'><strong>ex</strong></span> <span class='ocrx_word' id='word_1_342' title='bbox 364 3622 434 3683; x_wconf 85' lang='lat' dir='ltr'><strong>iure</strong></span> <span class='ocrx_word' id='word_1_343' title='bbox 448 3622 620 3693; x_wconf 88' lang='lat' dir='ltr'><strong>Quiritium</strong></span> <span class='ocrx_word' id='word_1_344' title='bbox 636 3622 692 3698; x_wconf 90' lang='lat' dir='ltr'><strong>sit,</strong></span> <span class='ocrx_word' id='word_1_345' title='bbox 720 3640 758 3681; x_wconf 84' lang='lat' dir='ltr'><strong>ex</strong></span> <span class='ocrx_word' id='word_1_346' title='bbox 781 3619 929 3681; x_wconf 90' lang='lat' dir='ltr'><strong>omnibus</strong></span> <span class='ocrx_word' id='word_1_347' title='bbox 947 3621 1051 3681; x_wconf 91' lang='lat' dir='ltr'><strong>causis</strong></span> <span class='ocrx_word' id='word_1_348' title='bbox 1072 3616 1211 3697; x_wconf 91' lang='lat' dir='ltr'><strong>adquirit</strong></span> <span class='ocrx_word' id='word_1_349' title='bbox 1227 3616 1266 3691; x_wconf 91' lang='lat' dir='ltr'><strong>ei,</strong></span> 
     </span>
    </p>
   </div>
   <div class='ocr_carea' id='block_1_5' title="bbox 188 3788 331 3809">
    <p class='ocr_par' dir='ltr' id='par_1_14' title="bbox 188 3788 331 3809">
     <span class='ocr_line' id='line_1_39' title="bbox 188 3788 331 3809; baseline -0.007 0"><span class='ocrx_word' id='word_1_350' title='bbox 188 3788 331 3809; x_wconf 57' lang='lat' dir='ltr'><strong>ruwvww</strong></span> 
     </span>
    </p>
   </div>
   <div class='ocr_carea' id='block_1_6' title="bbox 186 3871 1273 4221">
    <p class='ocr_par' dir='ltr' id='par_1_15' title="bbox 186 3871 1273 4221">
     <span class='ocr_line' id='line_1_40' title="bbox 256 3871 1271 3945; baseline -0.009 -16"><span class='ocrx_word' id='word_1_351' title='bbox 256 3883 267 3929; x_wconf 98' lang='grc'><strong>4</strong></span> <span class='ocrx_word' id='word_1_352' title='bbox 289 3877 446 3931; x_wconf 82' lang='lat' dir='ltr'><strong>dominiaC</strong></span> <span class='ocrx_word' id='word_1_353' title='bbox 470 3875 481 3945; x_wconf 79' lang='grc' dir='ltr'><strong>ΙΙ</strong></span> <span class='ocrx_word' id='word_1_354' title='bbox 508 3877 863 3943; x_wconf 75' lang='lat' dir='ltr'><strong>cquae1eaqueSchtlls&#39;ep</strong></span> <span class='ocrx_word' id='word_1_355' title='bbox 889 3875 899 3940; x_wconf 76' lang='lat' dir='ltr'><strong>ll</strong></span> <span class='ocrx_word' id='word_1_356' title='bbox 926 3880 940 3925; x_wconf 84' lang='lat' dir='ltr'><strong>t</strong></span> <span class='ocrx_word' id='word_1_357' title='bbox 961 3876 1089 3926; x_wconf 87' lang='lat' dir='ltr'><strong>cedentes</strong></span> <span class='ocrx_word' id='word_1_358' title='bbox 1100 3871 1271 3923; x_wconf 90' lang='lat' dir='ltr'><strong>uiudicautes</strong></span> 
     </span>
     <span class='ocr_line' id='line_1_41' title="bbox 186 3940 1272 4014; baseline -0.006 -14"><span class='ocrx_word' id='word_1_359' title='bbox 186 3949 347 4000; x_wconf 87' lang='lat' dir='ltr'><strong>addicentes</strong></span> <span class='ocrx_word' id='word_1_360' title='bbox 362 3949 382 4002; x_wconf 79' lang='grc'><em>0</em></span> <span class='ocrx_word' id='word_1_361' title='bbox 405 3945 417 4014; x_wconf 87' lang='grc' dir='ltr'><strong>ΙΙ</strong></span> <span class='ocrx_word' id='word_1_362' title='bbox 444 3951 476 3996; x_wconf 76' lang='lat' dir='ltr'><strong>ts</strong></span> <span class='ocrx_word' id='word_1_363' title='bbox 488 3947 523 3998; x_wconf 90' lang='lat' dir='ltr'><strong>ab</strong></span> <span class='ocrx_word' id='word_1_364' title='bbox 536 3947 638 3998; x_wconf 89' lang='lat' dir='ltr'><strong>herede</strong></span> <span class='ocrx_word' id='word_1_365' title='bbox 649 3949 769 4012; x_wconf 80' lang='lat' dir='ltr'><strong>legitimo</strong></span> <span class='ocrx_word' id='word_1_366' title='bbox 783 3946 913 4005; x_wconf 70' lang='grc' dir='ltr'><strong>(ἷειεειεε,</strong></span> <span class='ocrx_word' id='word_1_367' title='bbox 928 3945 1045 4008; x_wconf 79' lang='lat' dir='ltr'><strong>legitime</strong></span> <span class='ocrx_word' id='word_1_368' title='bbox 1057 3941 1092 3993; x_wconf 88' lang='lat' dir='ltr'><strong>ab</strong></span> <span class='ocrx_word' id='word_1_369' title='bbox 1104 3940 1205 3991; x_wconf 88' lang='lat' dir='ltr'><strong>herede</strong></span> <span class='ocrx_word' id='word_1_370' title='bbox 1221 3941 1241 3993; x_wconf 83' lang='lat' dir='ltr'>C</span> <span class='ocrx_word' id='word_1_371' title='bbox 1263 3940 1272 4007; x_wconf 76' lang='lat' dir='ltr'><strong>ll</strong></span> 
     </span>
     <span class='ocr_line' id='line_1_42' title="bbox 188 4009 1268 4082; baseline -0.008 -14"><span class='ocrx_word' id='word_1_372' title='bbox 188 4024 218 4069; x_wconf 85' lang='grc' dir='ltr'><strong>ιι</strong></span> <span class='ocrx_word' id='word_1_373' title='bbox 238 4015 630 4080; x_wconf 61' lang='lat' dir='ltr'><strong>amtmanusseouosaron.</strong></span> <span class='ocrx_word' id='word_1_374' title='bbox 648 4017 681 4068; x_wconf 74' lang='lat'><strong>0²</strong></span> <span class='ocrx_word' id='word_1_375' title='bbox 708 4014 719 4082; x_wconf 76' lang='grc' dir='ltr'><strong>ΙΙ</strong></span> <span class='ocrx_word' id='word_1_376' title='bbox 749 4020 780 4064; x_wconf 82' lang='grc'><strong>46</strong></span> <span class='ocrx_word' id='word_1_377' title='bbox 799 4012 992 4079; x_wconf 84' lang='lat' dir='ltr'><strong>posteacumC</strong></span> <span class='ocrx_word' id='word_1_378' title='bbox 1025 4009 1036 4077; x_wconf 79' lang='grc' dir='ltr'><strong>ΙΙ</strong></span> <span class='ocrx_word' id='word_1_379' title='bbox 1072 4013 1102 4059; x_wconf 81' lang='lat' dir='ltr'><strong>to</strong></span> <span class='ocrx_word' id='word_1_380' title='bbox 1122 4011 1221 4073; x_wconf 87' lang='lat' dir='ltr'><strong>quasi.</strong></span> <span class='ocrx_word' id='word_1_381' title='bbox 1239 4047 1268 4059; x_wconf 90' lang='lat'><strong>..</strong></span> 
     </span>
     <span class='ocr_line' id='line_1_43' title="bbox 187 4075 1272 4150; baseline -0.009 -12"><span class='ocrx_word' id='word_1_382' title='bbox 187 4090 278 4138; x_wconf 86' lang='lat' dir='ltr'><strong>essent</strong></span> <span class='ocrx_word' id='word_1_383' title='bbox 290 4088 424 4150; x_wconf 75' lang='lat' dir='ltr'><strong>Sohtlls&#39;np,</strong></span> <span class='ocrx_word' id='word_1_384' title='bbox 439 4089 546 4150; x_wconf 86' lang='lat' dir='ltr'><strong>quoties</strong></span> <span class='ocrx_word' id='word_1_385' title='bbox 560 4124 566 4137; x_wconf 94' lang='lat'><strong>.</strong></span> <span class='ocrx_word' id='word_1_386' title='bbox 582 4124 589 4137; x_wconf 88' lang='lat'><strong>.</strong></span> <span class='ocrx_word' id='word_1_387' title='bbox 606 4123 612 4135; x_wconf 90' lang='lat'><strong>.</strong></span> <span class='ocrx_word' id='word_1_388' title='bbox 627 4087 691 4138; x_wconf 84' lang='lat' dir='ltr'><strong>suut</strong></span> <span class='ocrx_word' id='word_1_389' title='bbox 706 4085 726 4138; x_wconf 80' lang='lat' dir='ltr'><strong><em>C</em></strong></span> <span class='ocrx_word' id='word_1_390' title='bbox 742 4082 753 4150; x_wconf 95' lang='grc' dir='ltr'><strong>ΙΙ</strong></span> <span class='ocrx_word' id='word_1_391' title='bbox 771 4088 802 4134; x_wconf 75' lang='lat' dir='ltr'><strong>m</strong></span> <span class='ocrx_word' id='word_1_392' title='bbox 822 4086 891 4136; x_wconf 84' lang='lat' dir='ltr'><strong>iuter</strong></span> <span class='ocrx_word' id='word_1_393' title='bbox 903 4096 972 4147; x_wconf 92' lang='lat' dir='ltr'><strong>quos</strong></span> <span class='ocrx_word' id='word_1_394' title='bbox 984 4079 1100 4131; x_wconf 87' lang='lat' dir='ltr'><strong>heredes</strong></span> <span class='ocrx_word' id='word_1_395' title='bbox 1116 4079 1135 4131; x_wconf 81' lang='lat'><em>0</em></span> <span class='ocrx_word' id='word_1_396' title='bbox 1151 4075 1162 4145; x_wconf 79' lang='grc' dir='ltr'><strong>ΙΙ</strong></span> <span class='ocrx_word' id='word_1_397' title='bbox 1180 4082 1207 4127; x_wconf 82' lang='grc'><strong>34</strong></span> <span class='ocrx_word' id='word_1_398' title='bbox 1225 4083 1272 4130; x_wconf 87' lang='grc' dir='ltr'><strong>εει</strong></span> 
     </span>
     <span class='ocr_line' id='line_1_44' title="bbox 189 4146 1273 4221; baseline -0.006 -14"><span class='ocrx_word' id='word_1_399' title='bbox 189 4154 209 4207; x_wconf 79' lang='lat' dir='ltr'><strong><em>C</em></strong></span> <span class='ocrx_word' id='word_1_400' title='bbox 234 4153 245 4221; x_wconf 75' lang='lat' dir='ltr'><strong>ll</strong></span> <span class='ocrx_word' id='word_1_401' title='bbox 271 4155 463 4220; x_wconf 63' lang='lat' dir='ltr'><strong>tequidemc</strong></span> <span class='ocrx_word' id='word_1_402' title='bbox 487 4151 498 4221; x_wconf 82' lang='grc' dir='ltr'><strong>ΙΙ</strong></span> <span class='ocrx_word' id='word_1_403' title='bbox 524 4160 555 4206; x_wconf 75' lang='grc' dir='ltr'><strong>ει</strong></span> <span class='ocrx_word' id='word_1_404' title='bbox 570 4153 741 4220; x_wconf 76' lang='grc' dir='ltr'><strong>εεεερεείιθ</strong></span> <span class='ocrx_word' id='word_1_405' title='bbox 766 4151 776 4219; x_wconf 81' lang='grc' dir='ltr'><strong>ΙΙ</strong></span> <span class='ocrx_word' id='word_1_406' title='bbox 803 4155 832 4202; x_wconf 81' lang='lat'><strong>³7</strong></span> <span class='ocrx_word' id='word_1_407' title='bbox 847 4150 925 4203; x_wconf 76' lang='lat' dir='ltr'><strong>iust&#39;</strong></span> <span class='ocrx_word' id='word_1_408' title='bbox 946 4146 957 4216; x_wconf 83' lang='grc' dir='ltr'><strong>ΙΙ</strong></span> <span class='ocrx_word' id='word_1_409' title='bbox 982 4147 1273 4213; x_wconf 71' lang='grc' dir='ltr'><strong>εεεείεεεεεειεειθ</strong></span> 
     </span>
    </p>
   </div>
   <div class='ocr_carea' id='block_1_7' title="bbox 0 0 1511 4736">
    <p class='ocr_par' dir='ltr' id='par_1_16' title="bbox 0 0 1511 4736">
     <span class='ocr_line' id='line_1_45' title="bbox 0 0 1511 4736; baseline 0 0"><span class='ocrx_word' id='word_1_410' title='bbox 0 0 1511 4736; x_wconf 95' lang='lat' dir='ltr'><strong> </strong></span> 
     </span>
    </p>
   </div>
  </div>
 </body>
</html>
